@article{abdelhamidMicrophaseSeparationBinary2016,
  title = {Microphase {{Separation}} of {{Binary Liquids Confined}} in {{Cylindrical Pores}}},
  author = {Abdel Hamid, A. Razzak and Mhanna, Ramona and Lefort, Ronan and Ghoufi, Aziz and Alba-Simionesco, Christiane and Frick, Bernhard and Morineau, Denis},
  year = {2016},
  journal = {The Journal of Physical Chemistry C},
  volume = {120},
  number = {17},
  pages = {9245--9252},
  issn = {1932-7447, 1932-7455},
  doi = {10.1021/acs.jpcc.6b01446},
  url = {https://pubs.acs.org/doi/10.1021/acs.jpcc.6b01446},
}

@article{abrahamGROMACSHighPerformance2015,
  title = {{{GROMACS}}: {{High}} Performance Molecular Simulations through Multi-Level Parallelism from Laptops to Supercomputers},
  shorttitle = {{{GROMACS}}},
  author = {Abraham, Mark James and Murtola, Teemu and Schulz, Roland and Páll, Szilárd and Smith, Jeremy C. and Hess, Berk and Lindahl, Erik},
  year = {2015},
  journal = {SoftwareX},
  volume = {1--2},
  pages = {19--25},
  issn = {23527110},
  doi = {10.1016/j.softx.2015.06.001},
  url = {https://linkinghub.elsevier.com/retrieve/pii/S2352711015000059},
}

@online{AdsorptionLinearAlcohols,
  title = {Adsorption of {{Linear Alcohols}} in {{Amorphous Activated Carbons}}: {{Implications}} for {{Energy Storage Applications}}},
  shorttitle = {Adsorption of {{Linear Alcohols}} in {{Amorphous Activated Carbons}}},
  doi = {10.1021/acssuschemeng.1c06315},
  url = {https://pubs.acs.org/doi/epdf/10.1021/acssuschemeng.1c06315},
}

@article{agrawalViscousPeelingNanosheet2022,
  title = {Viscous Peeling of a Nanosheet},
  author = {Agrawal, Adyant and Gravelle, Simon and Kamal, Catherine and Botto, Lorenzo},
  year = {2022},
  journal = {Soft Matter},
  volume = {18},
  number = {20},
  pages = {3967--3980},
  issn = {1744-683X, 1744-6848},
  doi = {10.1039/D1SM01743H},
  url = {http://xlink.rsc.org/?DOI=D1SM01743H},
}

@article{aidasQuantumMechanicsMolecular2013,
  title = {A Quantum Mechanics/Molecular Dynamics Study of Electric Field Gradient Fluctuations in the Liquid Phase. {{The}} Case of {{Na}} {\textsuperscript{+}} in Aqueous Solution},
  author = {Aidas, Kęstutis and Ågren, Hans and Kongsted, Jacob and Laaksonen, Aatto and Mocci, Francesca},
  year = {2013},
  journal = {Phys. Chem. Chem. Phys.},
  volume = {15},
  number = {5},
  pages = {1621--1631},
  issn = {1463-9076, 1463-9084},
  doi = {10.1039/C2CP41993A},
  url = {http://xlink.rsc.org/?DOI=C2CP41993A},
}

@article{amayuelasMechanismWaterIntrusion2023,
  title = {Mechanism of {{Water Intrusion}} into {{Flexible ZIF-8}}: {{Liquid Is Not Vapor}}},
  shorttitle = {Mechanism of {{Water Intrusion}} into {{Flexible ZIF-8}}},
  author = {Amayuelas, Eder and Tortora, Marco and Bartolomé, Luis and Littlefair, Josh David and Paulo, Gonçalo and Le Donne, Andrea and Trump, Benjamin and Yakovenko, Andrey Andreevich and Chorążewski, Mirosław and Giacomello, Alberto and Zajdel, Paweł and Meloni, Simone and Grosu, Yaroslav},
  year = {2023},
  journal = {Nano Letters},
  volume = {23},
  number = {12},
  pages = {5430--5436},
  issn = {1530-6984, 1530-6992},
  doi = {10.1021/acs.nanolett.3c00235},
  url = {https://pubs.acs.org/doi/10.1021/acs.nanolett.3c00235},
}

@article{amroucheExperimentalComputationalStudy2011,
  title = {Experimental and {{Computational Study}} of {{Functionality Impact}} on {{Sodalite}}–{{Zeolitic Imidazolate Frameworks}} for {{CO2 Separation}}},
  author = {Amrouche, Hedi and Aguado, Sonia and Pérez-Pellitero, Javier and Chizallet, Céline and Siperstein, Flor and Farrusseng, David and Bats, Nicolas and Nieto-Draghi, Carlos},
  year = {2011},
  journal = {The Journal of Physical Chemistry C},
  volume = {115},
  number = {33},
  pages = {16425--16432},
  publisher = {{American Chemical Society}},
  issn = {1932-7447},
  doi = {10.1021/jp202804g},
  url = {https://doi.org/10.1021/jp202804g},
}

@article{aratonoThermodynamicStudySurface1997,
  title = {Thermodynamic {{Study}} on the {{Surface Formation}} of the {{Mixture}} of {{Water}} and {{Ethanol}}},
  author = {Aratono, Makoto and Toyomasu, Takayuki and Villeneuve, Masumi and Uchizono, Yorie and Takiue, Takanori and Motomura, Kinsi and Ikeda, Norihiro},
  year = {1997},
  journal = {Journal of Colloid and Interface Science},
  volume = {191},
  number = {1},
  pages = {146--153},
  issn = {00219797},
  doi = {10.1006/jcis.1997.4929},
  url = {https://linkinghub.elsevier.com/retrieve/pii/S0021979797949298},
}

@article{ardeleanPrinciplesUnconventionalAspects,
  title = {Principles and {{Unconventional Aspects}} of {{NMR Diﬀusometry}}},
  author = {Ardelean, Ioan and Kimmich, Rainer},
}

@article{ashbaughAlkaneAdsorptionWater2003,
  title = {Alkane {{Adsorption}} at the {{Water}}−{{Vapor Interface}}},
  author = {Ashbaugh, Henry S. and Pethica, Brian A.},
  year = {2003},
  journal = {Langmuir},
  volume = {19},
  number = {18},
  pages = {7638--7645},
  issn = {0743-7463, 1520-5827},
  doi = {10.1021/la034559z},
  url = {https://pubs.acs.org/doi/10.1021/la034559z},
}

@article{ayantCalculDensitesSpectrales1975,
  title = {Calcul des densités spectrales résultant d'un mouvement aléatoire de translation en relaxation par interaction dipolaire magnétique dans les liquides},
  author = {Ayant, Y. and Belorizky, E. and Aluzon, J. and Gallice, J.},
  year = {1975},
  journal = {Journal de Physique},
  volume = {36},
  number = {10},
  pages = {991--1004},
  publisher = {{Société Française de Physique}},
  issn = {0302-0738, 2777-3396},
  doi = {10.1051/jphys:019750036010099100},
  url = {http://dx.doi.org/10.1051/jphys:019750036010099100},
}

@article{ayralSolGelSynthesisFine2018,
  title = {Sol-{{Gel Synthesis}} and {{Fine Characterization}} of {{Hierarchically Porous}} and {{Multifunctional Silica-Based Membranes}}},
  author = {Ayral, André},
  year = {2018},
  journal = {The Chemical Record},
  volume = {18},
  number = {7-8},
  pages = {878--890},
  issn = {15278999},
  doi = {10.1002/tcr.201700079},
  url = {https://onlinelibrary.wiley.com/doi/10.1002/tcr.201700079},
}

@article{bakoWaterMethanolMixtures2008,
  title = {Water–Methanol Mixtures: Topology of Hydrogen Bonded Network},
  shorttitle = {Water–Methanol Mixtures},
  author = {Bakó, Imre and Megyes, Tünde and Bálint, Szabolcs and Grósz, Tamás and Chihaia, Viorel},
  year = {2008},
  journal = {Physical Chemistry Chemical Physics},
  volume = {10},
  number = {32},
  pages = {5004},
  issn = {1463-9076, 1463-9084},
  doi = {10.1039/b808326f},
  url = {http://xlink.rsc.org/?DOI=b808326f},
}

@article{ballalHydrophobicHydrophilicInteractions2013,
  title = {Hydrophobic and Hydrophilic Interactions in Aqueous Mixtures of Alcohols at a Hydrophobic Surface},
  author = {Ballal, Deepti and Chapman, Walter G.},
  year = {2013},
  journal = {The Journal of Chemical Physics},
  volume = {139},
  number = {11},
  pages = {114706},
  issn = {0021-9606, 1089-7690},
  doi = {10.1063/1.4821604},
  url = {http://aip.scitation.org/doi/10.1063/1.4821604},
}

@article{bampoulisStructureDynamicsConfined2016,
  title = {Structure and {{Dynamics}} of {{Confined Alcohol}}–{{Water Mixtures}}},
  author = {Bampoulis, Pantelis and Witteveen, Jorn P. and Kooij, E. Stefan and Lohse, Detlef and Poelsema, Bene and Zandvliet, Harold J. W.},
  year = {2016},
  journal = {ACS Nano},
  volume = {10},
  number = {7},
  pages = {6762--6768},
  issn = {1936-0851, 1936-086X},
  doi = {10.1021/acsnano.6b02333},
  url = {https://pubs.acs.org/doi/10.1021/acsnano.6b02333},
}

@article{becherMolecularDynamicsSimulations2021,
  title = {Molecular Dynamics Simulations vs Field-Cycling {{NMR}} Relaxometry: {{Structural}} Relaxation Mechanisms in the Glass-Former Glycerol Revisited},
  shorttitle = {Molecular Dynamics Simulations vs Field-Cycling {{NMR}} Relaxometry},
  author = {Becher, M. and Wohlfromm, T. and Rössler, E. A. and Vogel, M.},
  year = {2021},
  journal = {The Journal of Chemical Physics},
  volume = {154},
  number = {12},
  pages = {124503},
  issn = {0021-9606, 1089-7690},
  doi = {10.1063/5.0048131},
  url = {https://pubs.aip.org/aip/jcp/article/380743},
}

@article{belfortMembraneFiltrationLiquids2019,
  title = {Membrane {{Filtration}} with {{Liquids}}: {{A Global Approach}} with {{Prior Successes}}, {{New Developments}} and {{Unresolved Challenges}}},
  shorttitle = {Membrane {{Filtration}} with {{Liquids}}},
  author = {Belfort, Georges},
  year = {2019},
  journal = {Angewandte Chemie},
  volume = {131},
  number = {7},
  pages = {1908--1918},
  issn = {1521-3757},
  doi = {10.1002/ange.201809548},
  url = {https://onlinelibrary.wiley.com/doi/abs/10.1002/ange.201809548},
}

@article{berendsenMissingTermEffective1987,
  title = {The Missing Term in Effective Pair Potentials},
  author = {Berendsen, H. J. C. and Grigera, J. R. and Straatsma, T. P.},
  year = {1987},
  journal = {The Journal of Physical Chemistry},
  volume = {91},
  number = {24},
  pages = {6269--6271},
  publisher = {{American Chemical Society}},
  issn = {0022-3654},
  doi = {10.1021/j100308a038},
  url = {https://doi.org/10.1021/j100308a038},
}

@article{bernalSeparationCO2N22004,
  title = {Separation of {{CO2}}/{{N2}} Mixtures Using {{MFI-type}} Zeolite Membranes},
  author = {Bernal, M. P. and Coronas, J. and Menéndez, M. and Santamaría, J.},
  year = {2004},
  journal = {AIChE Journal},
  volume = {50},
  number = {1},
  pages = {127--135},
  issn = {1547-5905},
  doi = {10.1002/aic.10012},
  url = {https://onlinelibrary.wiley.com/doi/abs/10.1002/aic.10012},
}

@article{bloembergenRelaxationEffectsNuclear1948,
  title = {Relaxation {{Effects}} in {{Nuclear Magnetic Resonance Absorption}}},
  author = {Bloembergen, N. and Purcell, E. M. and Pound, R. V.},
  year = {1948},
  journal = {Physical Review},
  volume = {73},
  number = {7},
  pages = {679--712},
  issn = {0031-899X},
  doi = {10.1103/PhysRev.73.679},
  url = {https://link.aps.org/doi/10.1103/PhysRev.73.679},
}

@article{bollingerStructureThermodynamicsPositionDependent2014,
  title = {Structure, {{Thermodynamics}}, and {{Position-Dependent Diffusivity}} in {{Fluids}} with {{Sinusoidal Density Variations}}},
  author = {Bollinger, Jonathan A. and Jain, Avni and Truskett, Thomas M.},
  year = {2014},
  journal = {Langmuir},
  volume = {30},
  number = {28},
  pages = {8247--8252},
  publisher = {{American Chemical Society}},
  issn = {0743-7463},
  doi = {10.1021/la5017005},
  url = {https://doi.org/10.1021/la5017005},
}

@article{bonnaudMolecularSimulationWater2010,
  title = {Molecular Simulation of Water Confined in Nanoporous Silica},
  author = {Bonnaud, P A and Coasne, B and Pellenq, R J-M},
  year = {2010},
  journal = {Journal of Physics: Condensed Matter},
  volume = {22},
  number = {28},
  pages = {284110},
  issn = {0953-8984, 1361-648X},
  doi = {10.1088/0953-8984/22/28/284110},
  url = {https://iopscience.iop.org/article/10.1088/0953-8984/22/28/284110},
}

@article{borahDeuteriumNMRWater1982,
  title = {Deuterium {{NMR}} of Water in Immobilized Protein Systems},
  author = {Borah, B. and Bryant, R.G.},
  year = {1982},
  journal = {Biophysical Journal},
  volume = {38},
  number = {1},
  pages = {47--52},
  issn = {00063495},
  doi = {10.1016/S0006-3495(82)84529-3},
  url = {https://linkinghub.elsevier.com/retrieve/pii/S0006349582845293},
}

@article{botanBottomupModelAdsorption2015,
  title = {Bottom-up Model of Adsorption and Transport in Multiscale Porous Media},
  author = {Boţan, Alexandru and Ulm, Franz-Josef and Pellenq, Roland J.-M. and Coasne, Benoit},
  year = {2015},
  journal = {Physical Review E},
  volume = {91},
  number = {3},
  pages = {032133},
  publisher = {{American Physical Society}},
  doi = {10.1103/PhysRevE.91.032133},
  url = {https://link.aps.org/doi/10.1103/PhysRevE.91.032133},
}

@article{bousigeBridgingScalesDisordered2021,
  title = {Bridging Scales in Disordered Porous Media by Mapping Molecular Dynamics onto Intermittent {{Brownian}} Motion},
  author = {Bousige, Colin and Levitz, Pierre and Coasne, Benoit},
  year = {2021},
  journal = {Nature Communications},
  volume = {12},
  number = {1},
  pages = {1043},
  publisher = {{Nature Publishing Group}},
  issn = {2041-1723},
  doi = {10.1038/s41467-021-21252-x},
  url = {https://www.nature.com/articles/s41467-021-21252-x},
  issue = {1},
}

@article{buddHighlyPermeablePolymers2010,
  title = {Highly Permeable Polymers for Gas Separation Membranes},
  author = {Budd, Peter M. and McKeown, Neil B.},
  year = {2010},
  journal = {Polymer Chemistry},
  volume = {1},
  number = {1},
  pages = {63--68},
  publisher = {{The Royal Society of Chemistry}},
  issn = {1759-9962},
  doi = {10.1039/B9PY00319C},
  url = {https://pubs.rsc.org/en/content/articlelanding/2010/py/b9py00319c},
}

@article{bychukAnomalousDiffusionLiquid1995,
  title = {Anomalous {{Diffusion}} at {{Liquid Surfaces}}},
  author = {Bychuk, Oleg V. and O'Shaughnessy, Ben},
  year = {1995},
  journal = {Physical Review Letters},
  volume = {74},
  number = {10},
  pages = {1795--1798},
  issn = {0031-9007, 1079-7114},
  doi = {10.1103/PhysRevLett.74.1795},
  url = {https://link.aps.org/doi/10.1103/PhysRevLett.74.1795},
}

@article{calero1HNuclearSpin2015,
  title = {{{1H Nuclear Spin Relaxation}} of {{Liquid Water}} from {{Molecular Dynamics Simulations}}},
  author = {Calero, C. and Martí, J. and Guàrdia, E.},
  year = {2015},
  journal = {The Journal of Physical Chemistry B},
  volume = {119},
  number = {5},
  pages = {1966--1973},
  issn = {1520-6106, 1520-5207},
  doi = {10.1021/jp510013q},
  url = {https://pubs.acs.org/doi/10.1021/jp510013q},
}

@article{carlssonAbsoluteRelativeEntropies2005,
  title = {Absolute and {{Relative Entropies}} from {{Computer Simulation}} with {{Applications}} to {{Ligand Binding}}},
  author = {Carlsson, Jens and Åqvist, Johan},
  year = {2005},
  journal = {The Journal of Physical Chemistry B},
  volume = {109},
  number = {13},
  pages = {6448--6456},
  issn = {1520-6106, 1520-5207},
  doi = {10.1021/jp046022f},
  url = {https://pubs.acs.org/doi/10.1021/jp046022f},
}

@article{caroAccurateSchemesCalculation2016,
  title = {Accurate Schemes for Calculation of Thermodynamic Properties of Liquid Mixtures from Molecular Dynamics Simulations},
  author = {Caro, Miguel A. and Laurila, Tomi and Lopez-Acevedo, Olga},
  year = {2016},
  journal = {The Journal of Chemical Physics},
  volume = {145},
  number = {24},
  pages = {244504},
  issn = {0021-9606, 1089-7690},
  doi = {10.1063/1.4973001},
  url = {https://pubs.aip.org/aip/jcp/article/931951},
}

@article{carofAccurateQuadrupolarNMR2014,
  title = {Accurate {{Quadrupolar NMR Relaxation Rates}} of {{Aqueous Cations}} from {{Classical Molecular Dynamics}}},
  author = {Carof, Antoine and Salanne, Mathieu and Charpentier, Thibault and Rotenberg, Benjamin},
  year = {2014},
  journal = {The Journal of Physical Chemistry B},
  volume = {118},
  number = {46},
  pages = {13252--13257},
  issn = {1520-6106, 1520-5207},
  doi = {10.1021/jp5105054},
  url = {https://pubs.acs.org/doi/10.1021/jp5105054},
}

@article{cartaNovelPolymersIntrinsic2009,
  title = {Novel Polymers of Intrinsic Microporosity ({{PIMs}}) Derived from 1,1-Spiro-Bis(1,2,3,4-Tetrahydronaphthalene)-Based Monomers},
  author = {Carta, Mariolino and Msayib, Kadhum J. and McKeown, Neil B.},
  year = {2009},
  journal = {Tetrahedron Letters},
  volume = {50},
  number = {43},
  pages = {5954--5957},
  issn = {0040-4039},
  doi = {10.1016/j.tetlet.2009.08.032},
  url = {https://www.sciencedirect.com/science/article/pii/S0040403909015846},
}

@article{chamorroHeavyWaterModels2021,
  title = {Heavy {{Water Models}} for {{Classical Molecular Dynamics}}: {{Effective Inclusion}} of {{Nuclear Quantum Effects}}},
  shorttitle = {Heavy {{Water Models}} for {{Classical Molecular Dynamics}}},
  author = {Chamorro, Victor Cruces and Tempra, Carmelo and Jungwirth, Pavel},
  year = {2021},
  journal = {The Journal of Physical Chemistry B},
  volume = {125},
  number = {17},
  pages = {4514--4519},
  issn = {1520-6106, 1520-5207},
  doi = {10.1021/acs.jpcb.1c02235},
  url = {https://pubs.acs.org/doi/10.1021/acs.jpcb.1c02235},
}

@article{chawlaMembranesCO2CH42020,
  title = {Membranes for {{CO2}} /{{CH4}} and {{CO2}}/{{N2 Gas Separation}}},
  author = {Chawla, Muhammad and Saulat, Hammad and Masood Khan, Muhammad and Mahmood Khan, Muhammad and Rafiq, Sikander and Cheng, Linjuan and Iqbal, Tanveer and Rasheed, M. Imran and Farooq, Muhammad Zohaib and Saeed, Muhammad and Ahmad, Nasir M. and Khan Niazi, Muhammad Bilal and Saqib, Sidra and Jamil, Farrukh and Mukhtar, Ahmad and Muhammad, Nawshad},
  year = {2020},
  journal = {Chemical Engineering \& Technology},
  volume = {43},
  number = {2},
  pages = {184--199},
  issn = {1521-4125},
  doi = {10.1002/ceat.201900375},
  url = {https://onlinelibrary.wiley.com/doi/abs/10.1002/ceat.201900375},
}

@article{chemmiNoninvasiveExperimentalEvidence2016,
  title = {Noninvasive {{Experimental Evidence}} of the {{Linear Pore Size Dependence}} of {{Water Diffusion}} in {{Nanoconfinement}}},
  author = {Chemmi, Houria and Petit, Dominique and Levitz, Pierre and Denoyel, Renaud and Galarneau, Anne and Korb, Jean-Pierre},
  year = {2016},
  journal = {The Journal of Physical Chemistry Letters},
  volume = {7},
  number = {3},
  pages = {393--398},
  issn = {1948-7185, 1948-7185},
  doi = {10.1021/acs.jpclett.5b02718},
  url = {https://pubs.acs.org/doi/10.1021/acs.jpclett.5b02718},
}

@article{chengAdsorptionEthanolVapor2012,
  title = {Adsorption of {{Ethanol Vapor}} on {{Mica Surface}} under {{Different Relative Humidities}}: {{A Molecular Simulation Study}}},
  shorttitle = {Adsorption of {{Ethanol Vapor}} on {{Mica Surface}} under {{Different Relative Humidities}}},
  author = {Cheng, Tao and Sun, Huai},
  year = {2012},
  journal = {The Journal of Physical Chemistry C},
  volume = {116},
  number = {31},
  pages = {16436--16446},
  issn = {1932-7447, 1932-7455},
  doi = {10.1021/jp3020595},
  url = {https://pubs.acs.org/doi/10.1021/jp3020595},
}

@article{chengAdsorptionEthanolVapor2012a,
  title = {Adsorption of {{Ethanol Vapor}} on {{Mica Surface}} under {{Different Relative Humidities}}: {{A Molecular Simulation Study}}},
  shorttitle = {Adsorption of {{Ethanol Vapor}} on {{Mica Surface}} under {{Different Relative Humidities}}},
  author = {Cheng, Tao and Sun, Huai},
  year = {2012},
  journal = {The Journal of Physical Chemistry C},
  volume = {116},
  number = {31},
  pages = {16436--16446},
  issn = {1932-7447, 1932-7455},
  doi = {10.1021/jp3020595},
  url = {https://pubs.acs.org/doi/10.1021/jp3020595},
}

@article{chenMultiscaleModelingSimulations2019,
  title = {Multiscale Modeling and Simulations of Responsive Polymers},
  author = {Chen, Zheng and Huo, Jinhao and Hao, Linxia and Zhou, Jian},
  year = {2019},
  journal = {Current Opinion in Chemical Engineering},
  volume = {23},
  pages = {21--33},
  issn = {22113398},
  doi = {10.1016/j.coche.2019.02.004},
  url = {https://linkinghub.elsevier.com/retrieve/pii/S2211339818300662},
}

@article{chenRoleHydrogenBonding2018,
  title = {Role of Hydrogen Bonding in Hysteresis Observed in Sorption-Induced Swelling of Soft Nanoporous Polymers},
  author = {Chen, Mingyang and Coasne, Benoit and Guyer, Robert and Derome, Dominique and Carmeliet, Jan},
  year = {2018},
  journal = {Nature Communications},
  volume = {9},
  number = {1},
  pages = {3507},
  issn = {2041-1723},
  doi = {10.1038/s41467-018-05897-9},
  url = {https://www.nature.com/articles/s41467-018-05897-9},
}

@article{choudhuryEnthalpyEntropyContributions2006,
  title = {{{Enthalpy}}−{{Entropy Contributions}} to the {{Potential}} of {{Mean Force}} of {{Nanoscopic Hydrophobic Solutes}}},
  author = {Choudhury, Niharendu and Pettitt, B. Montgomery},
  year = {2006},
  journal = {The Journal of Physical Chemistry B},
  volume = {110},
  number = {16},
  pages = {8459--8463},
  issn = {1520-6106, 1520-5207},
  doi = {10.1021/jp056909r},
  url = {https://pubs.acs.org/doi/10.1021/jp056909r},
}

@article{chubakNMRRelaxationRates2021,
  title = {{{NMR Relaxation Rates}} of {{Quadrupolar Aqueous Ions}} from {{Classical Molecular Dynamics Using Force-Field Specific Sternheimer Factors}}},
  author = {Chubak, Iurii and Scalfi, Laura and Carof, Antoine and Rotenberg, Benjamin},
  year = {2021},
  journal = {Journal of Chemical Theory and Computation},
  volume = {17},
  number = {10},
  pages = {6006--6017},
  issn = {1549-9618, 1549-9626},
  doi = {10.1021/acs.jctc.1c00690},
  url = {https://pubs.acs.org/doi/10.1021/acs.jctc.1c00690},
}

@article{chubakQuadrupolar23NaNMR2023,
  title = {Quadrupolar {{23Na}}+ {{NMR}} Relaxation as a Probe of Subpicosecond Collective Dynamics in Aqueous Electrolyte Solutions},
  author = {Chubak, Iurii and Alon, Leeor and Silletta, Emilia V. and Madelin, Guillaume and Jerschow, Alexej and Rotenberg, Benjamin},
  year = {2023},
  journal = {Nature Communications},
  volume = {14},
  number = {1},
  pages = {84},
  issn = {2041-1723},
  doi = {10.1038/s41467-022-35695-3},
  url = {https://www.nature.com/articles/s41467-022-35695-3},
}

@article{coasneMultiscaleAdsorptionTransport2016,
  title = {Multiscale Adsorption and Transport in Hierarchical Porous Materials},
  author = {Coasne, Benoit},
  year = {2016},
  journal = {New Journal of Chemistry},
  volume = {40},
  number = {5},
  pages = {4078--4094},
  publisher = {{Royal Society of Chemistry}},
  doi = {10.1039/C5NJ03194J},
  url = {https://pubs.rsc.org/en/content/articlelanding/2016/nj/c5nj03194j},
}

@article{coudertMolecularMechanismSwing2017,
  title = {Molecular {{Mechanism}} of {{Swing Effect}} in {{Zeolitic Imidazolate Framework ZIF}}‐8: {{Continuous Deformation}} upon {{Adsorption}}},
  shorttitle = {Molecular {{Mechanism}} of {{Swing Effect}} in {{Zeolitic Imidazolate Framework ZIF}}‐8},
  author = {Coudert, François‐Xavier},
  year = {2017},
  journal = {ChemPhysChem},
  volume = {18},
  number = {19},
  pages = {2732--2738},
  issn = {1439-4235, 1439-7641},
  doi = {10.1002/cphc.201700463},
  url = {https://onlinelibrary.wiley.com/doi/10.1002/cphc.201700463},
}

@article{cousin-saint-remiApplyingWaveTheory2017,
  title = {Applying the Wave Theory to Fixed-Bed Dynamics of {{Metal-Organic Frameworks}} Exhibiting Stepped Adsorption Isotherms: {{Water}}/Ethanol Separation on {{ZIF-8}}},
  shorttitle = {Applying the Wave Theory to Fixed-Bed Dynamics of {{Metal-Organic Frameworks}} Exhibiting Stepped Adsorption Isotherms},
  author = {Cousin-Saint-Remi, Julien and Denayer, Joeri F.M.},
  year = {2017},
  journal = {Chemical Engineering Journal},
  volume = {324},
  pages = {313--323},
  issn = {13858947},
  doi = {10.1016/j.cej.2017.04.126},
  url = {https://linkinghub.elsevier.com/retrieve/pii/S1385894717306691},
}

@article{cousinsaintremiBiobutanolSeparationMetalOrganic2011,
  title = {Biobutanol {{Separation}} with the {{Metal-Organic Framework ZIF-8}}},
  author = {Cousin Saint Remi, Julien and Rémy, Tom and Van Hunskerken, Vincent and {van.de.Perre}, Stijn and Duerinck, Tim and Maes, Michael and De Vos, Dirk and Gobechiya, Elena and Kirschhock, Christine E. A. and Baron, Gino V. and Denayer, Joeri F. M.},
  year = {2011},
  journal = {ChemSusChem},
  volume = {4},
  number = {8},
  pages = {1074--1077},
  issn = {18645631},
  doi = {10.1002/cssc.201100261},
  url = {https://onlinelibrary.wiley.com/doi/10.1002/cssc.201100261},
}

@article{daiPredictionHeatMixing2005,
  title = {Prediction of the Heat of Mixing for Binary Fluids Using Molecular Dynamics Simulation},
  author = {Dai, Jianxing and Wu, Chuanjie and Bao, Xiaoguang and Sun, Huai},
  year = {2005},
  journal = {Fluid Phase Equilibria},
  volume = {236},
  number = {1-2},
  pages = {78--85},
  issn = {03783812},
  doi = {10.1016/j.fluid.2005.05.007},
  url = {https://linkinghub.elsevier.com/retrieve/pii/S0378381205001585},
}

@article{darrigoSoundPropagationWater1988,
  title = {Sound Propagation in Water–Ethanol Mixtures at Low Temperatures. {{I}}. {{Ultrasonic}} Velocity},
  author = {D’Arrigo, G. and Paparelli, A.},
  year = {1988},
  journal = {The Journal of Chemical Physics},
  volume = {88},
  number = {1},
  pages = {405--415},
  issn = {0021-9606, 1089-7690},
  doi = {10.1063/1.454616},
  url = {https://pubs.aip.org/aip/jcp/article/88/1/405-415/91403},
}

@article{demessenceAdsorptionPropertiesHigh2010,
  title = {Adsorption Properties in High Optical Quality {{nanoZIF-8}} Thin Films with Tunable Thickness},
  author = {Demessence, Aude and Boissière, Cédric and Grosso, David and Horcajada, Patricia and Serre, Christian and Férey, Gérard and Soler-Illia, Galo J. A. A. and Sanchez, Clément},
  year = {2010},
  journal = {Journal of Materials Chemistry},
  volume = {20},
  number = {36},
  pages = {7676},
  issn = {0959-9428, 1364-5501},
  doi = {10.1039/c0jm00500b},
  url = {http://xlink.rsc.org/?DOI=c0jm00500b},
}

@online{DiffusionNanoporousMaterials,
  title = {Diffusion in Nanoporous Materials: Fundamental Principles, Insights and Challenges - {{New Journal}} of {{Chemistry}} ({{RSC Publishing}}) {{DOI}}:10.1039/{{C5NJ02836A}}},
  url = {https://pubs.rsc.org/en/content/articlehtml/2016/nj/c5nj02836a},
}

@article{dixitMolecularSegregationObserved2002,
  title = {Molecular Segregation Observed in a Concentrated Alcohol–Water Solution},
  author = {Dixit, S. and Crain, J. and Poon, W. C. K. and Finney, J. L. and Soper, A. K.},
  year = {2002},
  journal = {Nature},
  volume = {416},
  number = {6883},
  pages = {829--832},
  issn = {0028-0836, 1476-4687},
  doi = {10.1038/416829a},
  url = {http://www.nature.com/articles/416829a},
}

@article{duComparativeAnalysisCalculation2020,
  title = {Comparative Analysis of Calculation Method of Adsorption Isosteric Heat: {{Case}} Study of {{CO2}} Capture Using {{MOFs}}},
  shorttitle = {Comparative Analysis of Calculation Method of Adsorption Isosteric Heat},
  author = {Du, Zhenyu and Nie, Xianhua and Deng, Shuai and Zhao, Li and Li, Shuangjun and Zhang, Yue and Zhao, Jie},
  year = {2020},
  journal = {Microporous and Mesoporous Materials},
  volume = {298},
  pages = {110053},
  issn = {13871811},
  doi = {10.1016/j.micromeso.2020.110053},
  url = {https://linkinghub.elsevier.com/retrieve/pii/S1387181120300561},
}

@article{edwardMolecularVolumesStokesEinstein1970,
  title = {Molecular Volumes and the {{Stokes-Einstein}} Equation},
  author = {Edward, John T.},
  year = {1970},
  journal = {Journal of Chemical Education},
  volume = {47},
  number = {4},
  pages = {261},
  issn = {0021-9584, 1938-1328},
  doi = {10.1021/ed047p261},
  url = {https://pubs.acs.org/doi/abs/10.1021/ed047p261},
}

@article{emamiForceFieldSurface2014,
  title = {Force {{Field}} and a {{Surface Model Database}} for {{Silica}} to {{Simulate Interfacial Properties}} in {{Atomic Resolution}}},
  author = {Emami, Fateme S. and Puddu, Valeria and Berry, Rajiv J. and Varshney, Vikas and Patwardhan, Siddharth V. and Perry, Carole C. and Heinz, Hendrik},
  year = {2014},
  journal = {Chemistry of Materials},
  volume = {26},
  number = {8},
  pages = {2647--2658},
  issn = {0897-4756, 1520-5002},
  doi = {10.1021/cm500365c},
  url = {https://pubs.acs.org/doi/10.1021/cm500365c},
}

@article{fanInvestigationInteractionPolar2016,
  title = {Investigation of the {{Interaction}} of {{Polar Molecules}} on {{Graphite Surface}}: {{Prediction}} of {{Isosteric Heat}} of {{Adsorption}} at {{Zero Surface Coverage}}},
  shorttitle = {Investigation of the {{Interaction}} of {{Polar Molecules}} on {{Graphite Surface}}},
  author = {Fan, Wu and Chakraborty, Anutosh},
  year = {2016},
  journal = {The Journal of Physical Chemistry C},
  volume = {120},
  number = {41},
  pages = {23490--23499},
  issn = {1932-7447, 1932-7455},
  doi = {10.1021/acs.jpcc.6b06119},
  url = {https://pubs.acs.org/doi/10.1021/acs.jpcc.6b06119},
}

@article{fauxNuclearMagneticResonance2013,
  title = {Nuclear Magnetic Resonance Relaxometry of Water in Two and Quasi-Two Dimensions},
  author = {Faux, D. A. and McDonald, P. J. and Howlett, N. C. and Bhatt, J. S. and Churakov, S. V.},
  year = {2013},
  journal = {Physical Review E},
  volume = {87},
  number = {6},
  pages = {062309},
  issn = {1539-3755, 1550-2376},
  doi = {10.1103/PhysRevE.87.062309},
  url = {https://link.aps.org/doi/10.1103/PhysRevE.87.062309},
}

@article{filetiRelativeStrengthHydrogen2004,
  title = {Relative Strength of Hydrogen Bond Interaction in Alcohol–Water Complexes},
  author = {Fileti, Eudes E. and Chaudhuri, Puspitapallab and Canuto, Sylvio},
  year = {2004},
  journal = {Chemical Physics Letters},
  volume = {400},
  number = {4-6},
  pages = {494--499},
  issn = {00092614},
  doi = {10.1016/j.cplett.2004.10.149},
  url = {https://linkinghub.elsevier.com/retrieve/pii/S0009261404017142},
}

@article{finneranHydrogenBondingEthanol2015,
  title = {Hydrogen Bonding in the Ethanol–Water Dimer},
  author = {Finneran, Ian A. and Carroll, P. Brandon and Allodi, Marco A. and Blake, Geoffrey A.},
  year = {2015},
  journal = {Physical Chemistry Chemical Physics},
  volume = {17},
  number = {37},
  pages = {24210--24214},
  issn = {1463-9076, 1463-9084},
  doi = {10.1039/C5CP03589A},
  url = {http://xlink.rsc.org/?DOI=C5CP03589A},
}

@article{foroutanReviewStructureDynamics2017,
  title = {A Review of the Structure and Dynamics of Nanoconfined Water and Ionic Liquids via Molecular Dynamics Simulation},
  author = {Foroutan, Masumeh and Fatemi, S. Mahmood and Esmaeilian, Farshad},
  year = {2017},
  journal = {The European Physical Journal E},
  volume = {40},
  number = {2},
  pages = {19},
  issn = {1292-8941, 1292-895X},
  doi = {10.1140/epje/i2017-11507-7},
  url = {http://link.springer.com/10.1140/epje/i2017-11507-7},
}

@article{frankFreeVolumeEntropy1945,
  title = {Free {{Volume}} and {{Entropy}} in {{Condensed Systems III}}. {{Entropy}} in {{Binary Liquid Mixtures}}; {{Partial Molal Entropy}} in {{Dilute Solutions}}; {{Structure}} and {{Thermodynamics}} in {{Aqueous Electrolytes}}},
  author = {Frank, Henry S. and Evans, Marjorie W.},
  year = {1945},
  journal = {The Journal of Chemical Physics},
  volume = {13},
  number = {11},
  pages = {507--532},
  issn = {0021-9606, 1089-7690},
  doi = {10.1063/1.1723985},
  url = {https://pubs.aip.org/aip/jcp/article/13/11/507-532/186083},
}

@article{frauxStructureDynamicsThermodynamics2019,
  title = {Structure, {{Dynamics}}, and {{Thermodynamics}} of {{Intruded Electrolytes}} in {{ZIF-8}}},
  author = {Fraux, Guillaume and Boutin, Anne and Fuchs, Alain H. and Coudert, François-Xavier},
  year = {2019},
  journal = {The Journal of Physical Chemistry C},
  volume = {123},
  number = {25},
  pages = {15589--15598},
  issn = {1932-7447, 1932-7455},
  doi = {10.1021/acs.jpcc.9b02718},
  url = {https://pubs.acs.org/doi/10.1021/acs.jpcc.9b02718},
}

@article{friesMonteCarloCalculation1983,
  title = {Monte {{Carlo}} Calculation of the Intermolecular Dipolar Spin Relaxation in a Liquid Solution},
  author = {Fries, P. H. and Belorizky, E.},
  year = {1983},
  journal = {The Journal of Chemical Physics},
  volume = {79},
  number = {3},
  pages = {1166--1169},
  issn = {0021-9606},
  doi = {10.1063/1.445919},
  url = {https://doi.org/10.1063/1.445919},
}

@article{fuentes-azcatlNonPolarizableForceField2014,
  title = {Non-{{Polarizable Force Field}} of {{Water Based}} on the {{Dielectric Constant}}: {{TIP4P}}/ε},
  shorttitle = {Non-{{Polarizable Force Field}} of {{Water Based}} on the {{Dielectric Constant}}},
  author = {Fuentes-Azcatl, Raúl and Alejandre, José},
  year = {2014},
  journal = {The Journal of Physical Chemistry B},
  volume = {118},
  number = {5},
  pages = {1263--1272},
  issn = {1520-6106, 1520-5207},
  doi = {10.1021/jp410865y},
  url = {https://pubs.acs.org/doi/10.1021/jp410865y},
}

@article{gaoEffectAdsorbedAlcohol2017,
  title = {Effect of {{Adsorbed Alcohol Layers}} on the {{Behavior}} of {{Water Molecules Confined}} in a {{Graphene Nanoslit}}: {{A Molecular Dynamics Study}}},
  shorttitle = {Effect of {{Adsorbed Alcohol Layers}} on the {{Behavior}} of {{Water Molecules Confined}} in a {{Graphene Nanoslit}}},
  author = {Gao, Qingwei and Zhu, Yudan and Ruan, Yang and Zhang, Yumeng and Zhu, Wei and Lu, Xiaohua and Lu, Linghong},
  year = {2017},
  journal = {Langmuir},
  volume = {33},
  number = {42},
  pages = {11467--11474},
  issn = {0743-7463, 1520-5827},
  doi = {10.1021/acs.langmuir.7b02038},
  url = {https://pubs.acs.org/doi/10.1021/acs.langmuir.7b02038},
}

@article{garrettMolecularSimulationsTransport2006,
  title = {Molecular {{Simulations}} of the {{Transport}} of {{Molecules}} across the {{Liquid}}/{{Vapor Interface}} of {{Water}}},
  author = {Garrett, Bruce C. and Schenter, Gregory K. and Morita, Akihiro},
  year = {2006},
  journal = {Chemical Reviews},
  volume = {106},
  number = {4},
  pages = {1355--1374},
  issn = {0009-2665, 1520-6890},
  doi = {10.1021/cr040370w},
  url = {https://pubs.acs.org/doi/10.1021/cr040370w},
}

@article{gerebenInvestigationStructureEthanol2015,
  title = {Investigation of the {{Structure}} of {{Ethanol}}–{{Water Mixtures}} by {{Molecular Dynamics Simulation I}}: {{Analyses Concerning}} the {{Hydrogen-Bonded Pairs}}},
  shorttitle = {Investigation of the {{Structure}} of {{Ethanol}}–{{Water Mixtures}} by {{Molecular Dynamics Simulation I}}},
  author = {Gereben, Orsolya and Pusztai, László},
  year = {2015},
  journal = {The Journal of Physical Chemistry B},
  volume = {119},
  number = {7},
  pages = {3070--3084},
  issn = {1520-6106, 1520-5207},
  doi = {10.1021/jp510490y},
  url = {https://pubs.acs.org/doi/10.1021/jp510490y},
}

@article{geskeMolecularDynamicsSimulations2018,
  title = {Molecular {{Dynamics Simulations}} of {{Water}}, {{Silica}}, and {{Aqueous Mixtures}} in {{Bulk}} and {{Confinement}}},
  author = {Geske, Julian and Harrach, Michael and Heckmann, Lotta and Horstmann, Robin and Klameth, Felix and Müller, Niels and Pafong, Elvira and Wohlfromm, Timothy and Drossel, Barbara and Vogel, Michael},
  year = {2018},
  journal = {Zeitschrift für Physikalische Chemie},
  volume = {232},
  number = {7-8},
  pages = {1187--1225},
  issn = {2196-7156, 0942-9352},
  doi = {10.1515/zpch-2017-1042},
  url = {https://www.degruyter.com/document/doi/10.1515/zpch-2017-1042/html},
}

@article{ghoshEnhancedDensityFluctuations,
  title = {Enhanced Density Fluctuations in Water-Ethanol Mixtures at Low Ethanol Concentrations: {{Temperature}} Dependent Studies},
  author = {Ghosh, Rikhia and Bagchi, Biman},
}

@article{ghoufiPhysicalPropertiesHydrogenBonding2016,
  title = {Physical {{Properties}} and {{Hydrogen-Bonding Network}} of {{Water}}–{{Ethanol Mixtures}} from {{Molecular Dynamics Simulations}}},
  author = {Ghoufi, A. and Artzner, F. and Malfreyt, P.},
  year = {2016},
  journal = {The Journal of Physical Chemistry B},
  volume = {120},
  number = {4},
  pages = {793--802},
  issn = {1520-6106, 1520-5207},
  doi = {10.1021/acs.jpcb.5b11776},
  url = {https://pubs.acs.org/doi/10.1021/acs.jpcb.5b11776},
}

@article{gonzalez-salgadoExcessPropertiesAqueous2006,
  title = {Excess Properties of Aqueous Mixtures of Methanol: {{Simulation}} versus Experiment},
  shorttitle = {Excess Properties of Aqueous Mixtures of Methanol},
  author = {González-Salgado, Diego and Nezbeda, Ivo},
  year = {2006},
  journal = {Fluid Phase Equilibria},
  volume = {240},
  number = {2},
  pages = {161--166},
  issn = {03783812},
  doi = {10.1016/j.fluid.2005.12.007},
  url = {https://linkinghub.elsevier.com/retrieve/pii/S0378381205004966},
}

@article{goreNMRRelaxationWater1989,
  title = {{{NMR}} Relaxation of Water in Hydrogel Polymers: {{A}} Model for Tissue},
  shorttitle = {{{NMR}} Relaxation of Water in Hydrogel Polymers},
  author = {Gore, John C. and Brown, Mark S. and Zhong, Jianhui and Mueller, K. Fritz and Good, William},
  year = {1989},
  journal = {Magnetic Resonance in Medicine},
  volume = {9},
  number = {3},
  pages = {325--332},
  issn = {07403194, 15222594},
  doi = {10.1002/mrm.1910090304},
  url = {https://onlinelibrary.wiley.com/doi/10.1002/mrm.1910090304},
}

@article{gravelleAdsorptionKineticsOpen2019,
  title = {Adsorption {{Kinetics}} in {{Open Nanopores}} as a {{Source}} of {{Low-Frequency Noise}}},
  author = {Gravelle, Simon and Netz, Roland R. and Bocquet, Lydéric},
  year = {2019},
  journal = {Nano Letters},
  volume = {19},
  number = {10},
  pages = {7265--7272},
  issn = {1530-6984, 1530-6992},
  doi = {10.1021/acs.nanolett.9b02858},
  url = {https://pubs.acs.org/doi/10.1021/acs.nanolett.9b02858},
}

@article{gravelleAssessingValidityNMR2023,
  title = {Assessing the {{Validity}} of {{NMR Relaxation Rates Obtained}} from {{Coarse-Grained Simulations}} of {{PEG}}–{{Water Mixtures}}},
  author = {Gravelle, Simon and Beyer, David and Brito, Mariano and Schlaich, Alexander and Holm, Christian},
  year = {2023},
  journal = {The Journal of Physical Chemistry B},
  volume = {127},
  number = {25},
  pages = {5601--5608},
  issn = {1520-6106, 1520-5207},
  doi = {10.1021/acs.jpcb.3c01646},
  url = {https://pubs.acs.org/doi/10.1021/acs.jpcb.3c01646},
}

@article{gravelleCarbonMembranesEfficient2016,
  title = {Carbon Membranes for Efficient Water-Ethanol Separation},
  author = {Gravelle, Simon and Yoshida, Hiroaki and Joly, Laurent and Ybert, Christophe and Bocquet, Lydéric},
  year = {2016},
  journal = {The Journal of Chemical Physics},
  volume = {145},
  number = {12},
  pages = {124708},
  issn = {0021-9606, 1089-7690},
  doi = {10.1063/1.4963098},
  url = {http://aip.scitation.org/doi/10.1063/1.4963098},
}

@article{gravelleMultiscaleModelFluid2020,
  title = {A Multi-Scale Model for Fluid Transport through a Bio-Inspired Passive Valve},
  author = {Gravelle, Simon and Dumais, Jacques},
  year = {2020},
  journal = {The Journal of Chemical Physics},
  volume = {152},
  number = {1},
  pages = {014502},
  issn = {0021-9606},
  doi = {10.1063/1.5126481},
  url = {https://doi.org/10.1063/1.5126481},
}

@article{gravelleNMRInvestigationWater2023,
  title = {{{NMR Investigation}} of {{Water}} in {{Salt Crusts}}: {{Insights}} from {{Experiments}} and {{Molecular Simulations}}},
  shorttitle = {{{NMR Investigation}} of {{Water}} in {{Salt Crusts}}},
  author = {Gravelle, Simon and Haber-Pohlmeier, Sabina and Mattea, Carlos and Stapf, Siegfried and Holm, Christian and Schlaich, Alexander},
  year = {2023},
  journal = {Langmuir},
  volume = {39},
  number = {22},
  pages = {7548--7556},
  publisher = {{American Chemical Society}},
  issn = {0743-7463},
  doi = {10.1021/acs.langmuir.3c00036},
  url = {https://doi.org/10.1021/acs.langmuir.3c00036},
}

@article{gravelleNMRInvestigationWater2023a,
  title = {{{NMR Investigation}} of {{Water}} in {{Salt Crusts}}: {{Insights}} from {{Experiments}} and {{Molecular Simulations}}},
  shorttitle = {{{NMR Investigation}} of {{Water}} in {{Salt Crusts}}},
  author = {Gravelle, Simon and Haber-Pohlmeier, Sabina and Mattea, Carlos and Stapf, Siegfried and Holm, Christian and Schlaich, Alexander},
  year = {2023},
  journal = {Langmuir},
  volume = {39},
  number = {22},
  pages = {7548--7556},
  issn = {0743-7463, 1520-5827},
  doi = {10.1021/acs.langmuir.3c00036},
  url = {https://pubs.acs.org/doi/10.1021/acs.langmuir.3c00036},
}

@article{gravelleOptimizingWaterPermeability2013,
  title = {Optimizing Water Permeability through the Hourglass Shape of Aquaporins},
  author = {Gravelle, Simon and Joly, Laurent and Detcheverry, François and Ybert, Christophe and Cottin-Bizonne, Cécile and Bocquet, Lydéric},
  year = {2013},
  journal = {Proceedings of the National Academy of Sciences},
  volume = {110},
  number = {41},
  pages = {16367--16372},
  issn = {0027-8424, 1091-6490},
  doi = {10.1073/pnas.1306447110},
  url = {https://pnas.org/doi/full/10.1073/pnas.1306447110},
}

@article{gravelleTransportThinWater2022,
  title = {Transport of Thin Water Films: {{From}} Thermally Activated Random Walks to Hydrodynamics},
  shorttitle = {Transport of Thin Water Films},
  author = {Gravelle, Simon and Holm, Christian and Schlaich, Alexander},
  year = {2022},
  journal = {The Journal of Chemical Physics},
  volume = {157},
  number = {10},
  pages = {104702},
  issn = {0021-9606},
  doi = {10.1063/5.0099646},
  url = {https://doi.org/10.1063/5.0099646},
}

@article{greiner-schmidSelfDiffusionCompressed1991,
  title = {Self‐diffusion in the Compressed Fluid Lower Alkanes: {{Methane}}, Ethane, and Propane},
  shorttitle = {Self‐diffusion in the Compressed Fluid Lower Alkanes},
  author = {Greiner‐Schmid, A. and Wappmann, S. and Has, M. and Lüdemann, H.‐D.},
  year = {1991},
  journal = {The Journal of Chemical Physics},
  volume = {94},
  number = {8},
  pages = {5643--5649},
  issn = {0021-9606, 1089-7690},
  doi = {10.1063/1.460474},
  url = {https://pubs.aip.org/aip/jcp/article/94/8/5643-5649/441946},
}

@article{grivetNMRRelaxationParameters2005,
  title = {{{NMR}} Relaxation Parameters of a {{Lennard-Jones}} Fluid from Molecular-Dynamics Simulations},
  author = {Grivet, Jean-Philippe},
  year = {2005},
  journal = {The Journal of Chemical Physics},
  volume = {123},
  number = {3},
  pages = {034503},
  issn = {0021-9606, 1089-7690},
  doi = {10.1063/1.1955447},
  url = {https://pubs.aip.org/aip/jcp/article/918916},
}

@article{guevara-carrionPredictionTransportProperties2008,
  title = {Prediction of {{Transport Properties}} by {{Molecular Simulation}}: {{Methanol}} and {{Ethanol}} and {{Their Mixture}}},
  shorttitle = {Prediction of {{Transport Properties}} by {{Molecular Simulation}}},
  author = {Guevara-Carrion, Gabriela and Nieto-Draghi, Carlos and Vrabec, Jadran and Hasse, Hans},
  year = {2008},
  journal = {The Journal of Physical Chemistry B},
  volume = {112},
  number = {51},
  pages = {16664--16674},
  issn = {1520-6106, 1520-5207},
  doi = {10.1021/jp805584d},
  url = {https://pubs.acs.org/doi/10.1021/jp805584d},
}

@article{guoApplicationConductivePolymer2022,
  title = {Application of Conductive Polymer Hydrogels in Flexible Electronics},
  author = {Guo, Xin and Li, Jiean and Wang, Fanyu and Zhang, Jia‐Han and Zhang, Jing and Shi, Yi and Pan, Lijia},
  year = {2022},
  journal = {Journal of Polymer Science},
  volume = {60},
  number = {18},
  pages = {2635--2662},
  issn = {2642-4150, 2642-4169},
  doi = {10.1002/pol.20210933},
  url = {https://onlinelibrary.wiley.com/doi/10.1002/pol.20210933},
}

@article{guoLocalMicrophaseSeparation2014,
  title = {Local {{Microphase Separation}} of a {{Binary Liquid}} under {{Nanoscale Confinement}}},
  author = {Guo, Xiang-Yang and Watermann, Tobias and Sebastiani, Daniel},
  year = {2014},
  journal = {The Journal of Physical Chemistry B},
  volume = {118},
  number = {34},
  pages = {10207--10213},
  issn = {1520-6106, 1520-5207},
  doi = {10.1021/jp505203t},
  url = {https://pubs.acs.org/doi/10.1021/jp505203t},
}

@article{halderUnravellingCompositionDependentAnomalies2018,
  title = {Unravelling the {{Composition-Dependent Anomalies}} of {{Pair Hydrophobicity}} in {{Water}}–{{Ethanol Binary Mixtures}}},
  author = {Halder, Ritaban and Jana, Biman},
  year = {2018},
  journal = {The Journal of Physical Chemistry B},
  volume = {122},
  number = {26},
  pages = {6801--6809},
  issn = {1520-6106, 1520-5207},
  doi = {10.1021/acs.jpcb.8b02528},
  url = {https://pubs.acs.org/doi/10.1021/acs.jpcb.8b02528},
}

@article{halleInterpretationMagneticResonance1981,
  title = {Interpretation of Magnetic Resonance Data from Water Nuclei in Heterogeneous Systems},
  author = {Halle, Bertil and Wennerström, Håkan},
  year = {1981},
  journal = {The Journal of Chemical Physics},
  volume = {75},
  number = {4},
  pages = {1928--1943},
  issn = {0021-9606, 1089-7690},
  doi = {10.1063/1.442218},
  url = {https://pubs.aip.org/jcp/article/75/4/1928/438499/Interpretation-of-magnetic-resonance-data-from},
}

@article{heEnhancedCompatibilitySelectivity2023,
  title = {Enhanced Compatibility and Selectivity in Mixed Matrix Membranes for Propylene/Propane Separation},
  author = {He, Rongrong and Cong, Shenzhen and Peng, Donglai and Zhang, Yatao and Shan, Meixia and Zhu, Junyong and Wang, Jing and Gascon, Jorge},
  year = {2023},
  journal = {AIChE Journal},
  volume = {69},
  number = {3},
  issn = {0001-1541, 1547-5905},
  doi = {10.1002/aic.17948},
  url = {https://onlinelibrary.wiley.com/doi/10.1002/aic.17948},
}

@article{henryInfluenceVibrationalMotion1985,
  title = {Influence of Vibrational Motion on Solid State Line Shapes and {{NMR}} Relaxation},
  author = {Henry, Eric R. and Szabo, Attila},
  year = {1985},
  journal = {The Journal of Chemical Physics},
  volume = {82},
  number = {11},
  pages = {4753--4761},
  issn = {0021-9606, 1089-7690},
  doi = {10.1063/1.448692},
  url = {https://pubs.aip.org/aip/jcp/article/82/11/4753-4761/609243},
}

@article{hiltonProtonNuclearMagnetic1977,
  title = {Proton Nuclear Magnetic Resonance Relaxation of Water on Lysozyme Powders},
  author = {Hilton, B. D. and Hsi, E. and Bryant, R. G.},
  year = {1977},
  journal = {Journal of the American Chemical Society},
  volume = {99},
  number = {26},
  pages = {8483--8490},
  issn = {0002-7863, 1520-5126},
  doi = {10.1021/ja00468a017},
  url = {https://pubs.acs.org/doi/abs/10.1021/ja00468a017},
}

@article{hindmanRelaxationProcessesWater2003,
  title = {Relaxation Processes in Water. {{A}} Study of the Proton Spin‐lattice Relaxation Time},
  author = {Hindman, J. C. and Svirmickas, A. and Wood, M.},
  year = {2003},
  journal = {The Journal of Chemical Physics},
  volume = {59},
  number = {3},
  pages = {1517--1522},
  issn = {0021-9606},
  doi = {10.1063/1.1680209},
  url = {https://doi.org/10.1063/1.1680209},
}

@article{hirasakiFluidRockCharacterization,
  title = {Fluid –{{Rock Characterization}} and {{Interactions}} In},
  author = {Hirasaki, George J},
}

@article{horowitzCarbonOxygenHydrogenBonding2012,
  title = {Carbon-{{Oxygen Hydrogen Bonding}} in {{Biological Structure}} and {{Function}}},
  author = {Horowitz, Scott and Trievel, Raymond C.},
  year = {2012},
  journal = {Journal of Biological Chemistry},
  volume = {287},
  number = {50},
  pages = {41576--41582},
  issn = {00219258},
  doi = {10.1074/jbc.R112.418574},
  url = {https://linkinghub.elsevier.com/retrieve/pii/S0021925820438086},
}

@article{hospital-benitoDirectAirCapture2023,
  title = {Direct Air Capture Based on Ionic Liquids: {{From}} Molecular Design to Process Assessment},
  shorttitle = {Direct Air Capture Based on Ionic Liquids},
  author = {Hospital-Benito, D. and Moya, C. and Gazzani, M. and Palomar, J.},
  year = {2023},
  journal = {Chemical Engineering Journal},
  volume = {468},
  pages = {143630},
  issn = {13858947},
  doi = {10.1016/j.cej.2023.143630},
  url = {https://linkinghub.elsevier.com/retrieve/pii/S1385894723023616},
}

@article{hubbardpauls.TheoryElectronnucleusOverhauser1966,
  title = {Theory of Electron-Nucleus {{Overhauser}} Effects in Liquids Containing Free Radicals},
  author = {Hubbard, Paul S., Paul S.},
  year = {1966},
  journal = {Proceedings of the Royal Society of London. Series A. Mathematical and Physical Sciences},
  volume = {291},
  number = {1427},
  pages = {537--555},
  issn = {0080-4630, 2053-9169},
  doi = {10.1098/rspa.1966.0113},
  url = {https://royalsocietypublishing.org/doi/10.1098/rspa.1966.0113},
}

@article{hubbardTheoryNuclearMagnetic1963,
  title = {Theory of {{Nuclear Magnetic Relaxation}} by {{Spin-Rotational Interactions}} in {{Liquids}}},
  author = {Hubbard, Paul S.},
  year = {1963},
  journal = {Physical Review},
  volume = {131},
  number = {3},
  pages = {1155--1165},
  issn = {0031-899X},
  doi = {10.1103/PhysRev.131.1155},
  url = {https://link.aps.org/doi/10.1103/PhysRev.131.1155},
}

@article{hubOrganicMoleculesSurface2012,
  title = {Organic Molecules on the Surface of Water Droplets – an Energetic Perspective},
  author = {Hub, Jochen S. and Caleman, Carl and {vanderSpoel}, David},
  year = {2012},
  journal = {Physical Chemistry Chemical Physics},
  volume = {14},
  number = {27},
  pages = {9537},
  issn = {1463-9076, 1463-9084},
  doi = {10.1039/c2cp40483d},
  url = {http://xlink.rsc.org/?DOI=c2cp40483d},
}

@article{huitemaCanMonteCarlo1999,
  title = {Can {{Monte Carlo}} Simulation Describe Dynamics? {{A}} Test on {{Lennard-Jones}} Systems},
  shorttitle = {Can {{Monte Carlo}} Simulation Describe Dynamics?},
  author = {Huitema, H. E. A. and {vanderEerden}, J. P.},
  year = {1999},
  journal = {The Journal of Chemical Physics},
  volume = {110},
  number = {7},
  pages = {3267--3274},
  issn = {0021-9606, 1089-7690},
  doi = {10.1063/1.478192},
  url = {https://pubs.aip.org/aip/jcp/article/110/7/3267-3274/475514},
}

@article{hwangDynamicEffectsPair1975,
  title = {Dynamic Effects of Pair Correlation Functions on Spin Relaxation by Translational Diffusion in Liquids},
  author = {Hwang, Lian-Pin and Freed, Jack H.},
  year = {1975},
  journal = {The Journal of Chemical Physics},
  volume = {63},
  number = {9},
  pages = {4017--4025},
  issn = {0021-9606, 1089-7690},
  doi = {10.1063/1.431841},
  url = {https://pubs.aip.org/jcp/article/63/9/4017/215553/Dynamic-effects-of-pair-correlation-functions-on},
}

@article{hwangDynamicEffectsPair2008,
  title = {Dynamic Effects of Pair Correlation Functions on Spin Relaxation by Translational Diffusion in Liquids},
  author = {Hwang, Lian‐Pin and Freed, Jack H.},
  year = {2008},
  journal = {The Journal of Chemical Physics},
  volume = {63},
  number = {9},
  pages = {4017--4025},
  issn = {0021-9606},
  doi = {10.1063/1.431841},
  url = {https://doi.org/10.1063/1.431841},
}

@article{hydeSurfacePropertiesEthanol2019,
  title = {Surface Properties of the Ethanol/Water Mixture: {{Thickness}} and Composition},
  shorttitle = {Surface Properties of the Ethanol/Water Mixture},
  author = {Hyde, Anita E. and Ohshio, Maho and Nguyen, Cuong V. and Yusa, Shin-ichi and Yamada, Norifumi L. and Phan, Chi M.},
  year = {2019},
  journal = {Journal of Molecular Liquids},
  volume = {290},
  pages = {111005},
  issn = {01677322},
  doi = {10.1016/j.molliq.2019.111005},
  url = {https://linkinghub.elsevier.com/retrieve/pii/S0167732218364869},
}

@article{jacobsonProtonMagneticResonance1954,
  title = {A {{Proton Magnetic Resonance Study}} of the {{Hydration}} of {{Deoxyribonucleic Acid}}},
  author = {Jacobson, Bertil and Anderson, Weston A. and Arnold, James T.},
  year = {1954},
  journal = {Nature},
  volume = {173},
  number = {4408},
  pages = {772--773},
  publisher = {{Nature Publishing Group}},
  issn = {1476-4687},
  doi = {10.1038/173772a0},
  url = {https://www.nature.com/articles/173772a0},
  issue = {4408},
}

@article{jaffelProbingMicrostructureEvolution2006,
  title = {Probing {{Microstructure Evolution}} during the {{Hardening}} of {{Gypsum}} by {{Proton NMR Relaxometry}}},
  author = {Jaffel, Hamouda and Korb, Jean-Pierre and Ndobo-Epoy, Jean-Philippe and Morin, Vincent and Guicquero, Jean-Pierre},
  year = {2006},
  journal = {The Journal of Physical Chemistry B},
  volume = {110},
  number = {14},
  pages = {7385--7391},
  publisher = {{American Chemical Society}},
  issn = {1520-6106},
  doi = {10.1021/jp058276m},
  url = {https://doi.org/10.1021/jp058276m},
}

@article{jorgensenComparisonSimplePotential1983,
  title = {Comparison of Simple Potential Functions for Simulating Liquid Water},
  author = {Jorgensen, William L. and Chandrasekhar, Jayaraman and Madura, Jeffry D. and Impey, Roger W. and Klein, Michael L.},
  year = {1983},
  journal = {The Journal of Chemical Physics},
  volume = {79},
  number = {2},
  pages = {926--935},
  issn = {0021-9606},
  doi = {10.1063/1.445869},
  url = {https://doi.org/10.1063/1.445869},
}

@article{jorgensenDevelopmentTestingOPLS1996,
  title = {Development and {{Testing}} of the {{OPLS All-Atom Force Field}} on {{Conformational Energetics}} and {{Properties}} of {{Organic Liquids}}},
  author = {Jorgensen, William L. and Maxwell, David S. and Tirado-Rives, Julian},
  year = {1996},
  journal = {Journal of the American Chemical Society},
  volume = {118},
  number = {45},
  pages = {11225--11236},
  issn = {0002-7863, 1520-5126},
  doi = {10.1021/ja9621760},
  url = {https://pubs.acs.org/doi/10.1021/ja9621760},
}

@article{kamalAlignmentFlexiblePlatelike2021,
  title = {Alignment of a Flexible Platelike Particle in Shear Flow: {{Effect}} of Surface Slip and Edges},
  shorttitle = {Alignment of a Flexible Platelike Particle in Shear Flow},
  author = {Kamal, Catherine and Gravelle, Simon and Botto, Lorenzo},
  year = {2021},
  journal = {Physical Review Fluids},
  volume = {6},
  number = {8},
  pages = {084102},
  issn = {2469-990X},
  doi = {10.1103/PhysRevFluids.6.084102},
  url = {https://link.aps.org/doi/10.1103/PhysRevFluids.6.084102},
}

@article{kargerDiffusionNanoporousMaterials2016,
  title = {Diffusion in Nanoporous Materials: Fundamental Principles, Insights and Challenges},
  shorttitle = {Diffusion in Nanoporous Materials},
  author = {Kärger, Jörg and M.~Ruthven, Douglas},
  year = {2016},
  journal = {New Journal of Chemistry},
  volume = {40},
  number = {5},
  pages = {4027--4048},
  publisher = {{Royal Society of Chemistry}},
  doi = {10.1039/C5NJ02836A},
  url = {https://pubs.rsc.org/en/content/articlelanding/2016/nj/c5nj02836a},
}

@article{karlickyInterplayEthanolAdsorption2015,
  title = {Interplay between {{Ethanol Adsorption}} to {{High-Energy Sites}} and {{Clustering}} on {{Graphene}} and {{Graphite Alters}} the {{Measured Isosteric Adsorption Enthalpies}}},
  author = {Karlický, František and Otyepková, Eva and Banáš, Pavel and Lazar, Petr and Kocman, Mikuláš and Otyepka, Michal},
  year = {2015},
  journal = {The Journal of Physical Chemistry C},
  volume = {119},
  number = {35},
  pages = {20535--20543},
  issn = {1932-7447, 1932-7455},
  doi = {10.1021/acs.jpcc.5b06755},
  url = {https://pubs.acs.org/doi/10.1021/acs.jpcc.5b06755},
}

@article{karnesUnusualStructureDynamics2016,
  title = {Unusual {{Structure}} and {{Dynamics}} at {{Silica}}/{{Methanol}} and {{Silica}}/{{Ethanol Interfaces}}—{{A Molecular Dynamics}} and {{Nonlinear Optical Study}}},
  author = {Karnes, John J. and Gobrogge, Eric A. and Walker, Robert A. and Benjamin, Ilan},
  year = {2016},
  journal = {The Journal of Physical Chemistry B},
  volume = {120},
  number = {8},
  pages = {1569--1578},
  issn = {1520-6106, 1520-5207},
  doi = {10.1021/acs.jpcb.5b07777},
  url = {https://pubs.acs.org/doi/10.1021/acs.jpcb.5b07777},
}

@article{kashefolghetaEvaluationNineCondensedphase2021,
  title = {Evaluation of Nine Condensed-Phase Force Fields of the {{GROMOS}}, {{CHARMM}}, {{OPLS}}, {{AMBER}}, and {{OpenFF}} Families against Experimental Cross-Solvation Free Energies},
  author = {Kashefolgheta, Sadra and Wang, Shuzhe and Acree, William E. and Hünenberger, Philippe H.},
  year = {2021},
  journal = {Physical Chemistry Chemical Physics},
  volume = {23},
  number = {23},
  pages = {13055--13074},
  issn = {1463-9076, 1463-9084},
  doi = {10.1039/D1CP00215E},
  url = {http://xlink.rsc.org/?DOI=D1CP00215E},
}

@article{kholmurodovMolecularDynamicsSimulation2011,
  title = {Molecular Dynamics Simulation of the Interaction of Ethanol-Water Mixture with a {{Pt}} Surface},
  author = {Kholmurodov, Kholmirzo and Dushanov, Ermuhammad and Yasuoka, Kenji and Khalil, Hagar and Galal, Ahmed and Ahmed, Sameh and Sweilam, Nasser and Moharram, Hatem},
  year = {2011},
  journal = {Natural Science},
  volume = {03},
  number = {12},
  pages = {1011--1021},
  issn = {2150-4091, 2150-4105},
  doi = {10.4236/ns.2011.312126},
  url = {http://www.scirp.org/journal/doi.aspx?DOI=10.4236/ns.2011.312126},
}

@article{khudozhitkovDynamicsPropenePropane2020,
  title = {Dynamics of Propene and Propane in {{ZIF-8}} Probed by Solid-State {\textsuperscript{2}} {{H NMR}}},
  author = {Khudozhitkov, Alexander E. and Arzumanov, Sergei S. and Kolokolov, Daniil I. and Freude, Dieter and Stepanov, Alexander G.},
  year = {2020},
  journal = {Physical Chemistry Chemical Physics},
  volume = {22},
  number = {10},
  pages = {5976--5984},
  issn = {1463-9076, 1463-9084},
  doi = {10.1039/D0CP00270D},
  url = {http://xlink.rsc.org/?DOI=D0CP00270D},
}

@article{klaudaCHARMMForceField2008,
  title = {{{CHARMM Force Field Parameters}} for {{Nitroalkanes}} and {{Nitroarenes}}},
  author = {Klauda, Jeffery B. and Brooks, Bernard R.},
  year = {2008},
  journal = {Journal of Chemical Theory and Computation},
  volume = {4},
  number = {1},
  pages = {107--115},
  issn = {1549-9618, 1549-9626},
  doi = {10.1021/ct700191v},
  url = {https://pubs.acs.org/doi/10.1021/ct700191v},
}

@article{klippensteinIntroducingMemoryCoarseGrained2021,
  title = {Introducing {{Memory}} in {{Coarse-Grained Molecular Simulations}}},
  author = {Klippenstein, Viktor and Tripathy, Madhusmita and Jung, Gerhard and Schmid, Friederike and {vanderVegt}, Nico F. A.},
  year = {2021},
  journal = {The Journal of Physical Chemistry B},
  volume = {125},
  number = {19},
  pages = {4931--4954},
  publisher = {{American Chemical Society}},
  issn = {1520-6106},
  doi = {10.1021/acs.jpcb.1c01120},
  url = {https://doi.org/10.1021/acs.jpcb.1c01120},
}

@article{kommuSeparationEthanolWater2017,
  title = {Separation of {{Ethanol}} and {{Water Using Graphene}} and {{Hexagonal Boron Nitride Slit Pores}}: {{A Molecular Dynamics Study}}},
  shorttitle = {Separation of {{Ethanol}} and {{Water Using Graphene}} and {{Hexagonal Boron Nitride Slit Pores}}},
  author = {Kommu, Anitha and Singh, Jayant K.},
  year = {2017},
  journal = {The Journal of Physical Chemistry C},
  volume = {121},
  number = {14},
  pages = {7867--7880},
  issn = {1932-7447, 1932-7455},
  doi = {10.1021/acs.jpcc.7b00172},
  url = {https://pubs.acs.org/doi/10.1021/acs.jpcc.7b00172},
}

@article{korbNuclearMagneticRelaxation2011,
  title = {Nuclear Magnetic Relaxation of Liquids in Porous Media},
  author = {Korb, J-P},
  year = {2011},
  journal = {New Journal of Physics},
  volume = {13},
  number = {3},
  pages = {035016},
  issn = {1367-2630},
  doi = {10.1088/1367-2630/13/3/035016},
  url = {https://iopscience.iop.org/article/10.1088/1367-2630/13/3/035016},
}

@book{kowalewskiNuclearSpinRelaxation2006,
  title = {Nuclear Spin Relaxation in Liquids: Theory, Experiments, and Applications},
  shorttitle = {Nuclear Spin Relaxation in Liquids},
  author = {Kowalewski, Józef and Mäler, Lena},
  year = {2006},
  series = {Series in Chemical Physics},
  number = {2},
  publisher = {{Taylor \& Francis}},
  location = {{New York}},
  isbn = {978-0-7503-0964-6},
  pagetotal = {426},
  annotation = {OCLC: ocm61694919},
}

@article{krebsProtonSpinPolarization2004,
  title = {Proton {{Spin Polarization}} of {{Water Adsorbed}} on {{Sucrose Chars}}},
  author = {Krebs, James J.},
  year = {2004},
  journal = {The Journal of Chemical Physics},
  volume = {34},
  number = {1},
  pages = {326--329},
  issn = {0021-9606},
  doi = {10.1063/1.1731588},
  url = {https://doi.org/10.1063/1.1731588},
}

@article{krynickiProtonSpinlatticeRelaxation1966,
  title = {Proton Spin-Lattice Relaxation in Pure Water between 0°{{C}} and 100°{{C}}},
  author = {Krynicki, K.},
  year = {1966},
  journal = {Physica},
  volume = {32},
  number = {1},
  pages = {167--178},
  issn = {0031-8914},
  doi = {10.1016/0031-8914(66)90113-3},
  url = {https://www.sciencedirect.com/science/article/pii/0031891466901133},
}

@article{kuhneNewInsightsStructure2011,
  title = {New {{Insights}} into the {{Structure}} of the {{Vapor}}/{{Water Interface}} from {{Large-Scale First-Principles Simulations}}},
  author = {Kühne, Thomas D. and Pascal, Tod A. and Kaxiras, Efthimios and Jung, Yousung},
  year = {2011},
  journal = {The Journal of Physical Chemistry Letters},
  volume = {2},
  number = {2},
  pages = {105--113},
  issn = {1948-7185, 1948-7185},
  doi = {10.1021/jz101391r},
  url = {https://pubs.acs.org/doi/10.1021/jz101391r},
}

@article{kumariMixturesAlcoholsWater2018,
  title = {Mixtures of {{Alcohols}} and {{Water}} Confined in {{Mesoporous Silica}}: {{A Combined Solid-State NMR}} and {{Molecular Dynamics Simulation Study}}},
  shorttitle = {Mixtures of {{Alcohols}} and {{Water}} Confined in {{Mesoporous Silica}}},
  author = {Kumari, Bharti and Brodrecht, Martin and Breitzke, Hergen and Werner, Mayke and Grünberg, Bob and Limbach, Hans-Heinrich and Forg, Sandra and Sanjon, Elvira P. and Drossel, Barbara and Gutmann, Torsten and Buntkowsky, Gerd},
  year = {2018},
  journal = {The Journal of Physical Chemistry C},
  volume = {122},
  number = {34},
  pages = {19540--19550},
  issn = {1932-7447, 1932-7455},
  doi = {10.1021/acs.jpcc.8b04745},
  url = {https://pubs.acs.org/doi/10.1021/acs.jpcc.8b04745},
}

@article{levitzMolecularIntermittentDynamics2013,
  title = {Molecular Intermittent Dynamics of Interfacial Water: Probing Adsorption and Bulk Confinement},
  shorttitle = {Molecular Intermittent Dynamics of Interfacial Water},
  author = {Levitz, P. and Bonnaud, P. A. and Cazade, P.-A. and Pellenq, R. J.-M. and Coasne, B.},
  year = {2013},
  journal = {Soft Matter},
  volume = {9},
  number = {36},
  pages = {8654},
  issn = {1744-683X, 1744-6848},
  doi = {10.1039/c3sm51940f},
  url = {http://xlink.rsc.org/?DOI=c3sm51940f},
}

@article{levitzProbingInterfacialDynamics2019,
  title = {Probing Interfacial Dynamics of Water in Confined Nanoporous Systems by {{NMRD}}},
  author = {Levitz, Pierre},
  year = {2019},
  journal = {Molecular Physics},
  volume = {117},
  number = {7-8},
  pages = {952--959},
  publisher = {{Taylor \& Francis}},
  issn = {0026-8976},
  doi = {10.1080/00268976.2018.1527960},
  url = {https://doi.org/10.1080/00268976.2018.1527960},
}

@article{levitzRandomFlightsConfining2005,
  title = {Random Flights in Confining Interfacial Systems},
  author = {Levitz, Pierre},
  year = {2005},
  journal = {Journal of Physics: Condensed Matter},
  volume = {17},
  number = {49},
  pages = {S4059-S4074},
  issn = {0953-8984, 1361-648X},
  doi = {10.1088/0953-8984/17/49/004},
  url = {https://iopscience.iop.org/article/10.1088/0953-8984/17/49/004},
}

@article{levitzSlowDynamicsEmbedded2003,
  title = {Slow Dynamics of Embedded Fluid in Mesoscopic Confining Systems as Probed by {{NMR}} Relaxometry},
  author = {Levitz, P. and Korb, J. P. and Petit, D.},
  year = {2003},
  journal = {The European Physical Journal E},
  volume = {12},
  number = {1},
  pages = {29--33},
  issn = {1292-8941, 1292-895X},
  doi = {10.1140/epje/i2003-10046-2},
  url = {http://link.springer.com/10.1140/epje/i2003-10046-2},
}

@article{liBackmappingCoarsegrainedMacromolecules2020,
  title = {Backmapping Coarse-Grained Macromolecules: {{An}} Efficient and Versatile Machine Learning Approach},
  shorttitle = {Backmapping Coarse-Grained Macromolecules},
  author = {Li, Wei and Burkhart, Craig and Polińska, Patrycja and Harmandaris, Vagelis and Doxastakis, Manolis},
  year = {2020},
  journal = {The Journal of Chemical Physics},
  volume = {153},
  number = {4},
  pages = {041101},
  issn = {0021-9606},
  doi = {10.1063/5.0012320},
  url = {https://doi.org/10.1063/5.0012320},
}

@article{lieseHydrationEffectsTurn2017,
  title = {Hydration {{Effects Turn}} a {{Highly Stretched Polymer}} from an {{Entropic}} into an {{Energetic Spring}}},
  author = {Liese, Susanne and Gensler, Manuel and Krysiak, Stefanie and Schwarzl, Richard and Achazi, Andreas and Paulus, Beate and Hugel, Thorsten and Rabe, Jürgen P. and Netz, Roland R.},
  year = {2017},
  journal = {ACS Nano},
  volume = {11},
  number = {1},
  pages = {702--712},
  issn = {1936-0851, 1936-086X},
  doi = {10.1021/acsnano.6b07071},
  url = {https://pubs.acs.org/doi/10.1021/acsnano.6b07071},
}

@article{liHydrophobicInteractionHydrogenbond2007,
  title = {Hydrophobic Interaction and Hydrogen-Bond Network for a Methane Pair in Liquid Water},
  author = {Li, Je-Luen and Car, Roberto and Tang, Chao and Wingreen, Ned S.},
  year = {2007},
  journal = {Proceedings of the National Academy of Sciences},
  volume = {104},
  number = {8},
  pages = {2626--2630},
  issn = {0027-8424, 1091-6490},
  doi = {10.1073/pnas.0610945104},
  url = {https://pnas.org/doi/full/10.1073/pnas.0610945104},
}

@article{liInterfacialFreeEnergy2010,
  title = {Interfacial {{Free Energy Governs Single Polystyrene Chain Collapse}} in {{Water}} and {{Aqueous Solutions}}},
  author = {Li, Isaac T. S. and Walker, Gilbert C.},
  year = {2010},
  journal = {Journal of the American Chemical Society},
  volume = {132},
  number = {18},
  pages = {6530--6540},
  issn = {0002-7863, 1520-5126},
  doi = {10.1021/ja101155h},
  url = {https://pubs.acs.org/doi/10.1021/ja101155h},
}

@article{linHighZIF8Loading2021,
  title = {A High {{ZIF-8}} Loading {{PVA}} Mixed Matrix Membrane on Alumina Hollow Fiber with Enhanced Ethanol Dehydration},
  author = {Lin, Geng-Sheng and Chen, Yi-Rui and Chang, Ta-Hsuan and Huang, Tse-Chiang and Zhuang, Guo-Liang and Huang, Wei-Zhi and Liu, Yu-Cheng and Matsuyama, Hideto and Wu, Kevin C.-W and Tung, Kuo-Lun},
  year = {2021},
  journal = {Journal of Membrane Science},
  volume = {621},
  pages = {118935},
  issn = {03767388},
  doi = {10.1016/j.memsci.2020.118935},
  url = {https://linkinghub.elsevier.com/retrieve/pii/S037673882031509X},
}

@article{lippensT1RelaxationTime1993,
  title = {T1 Relaxation Time of Water from a Molecular Dynamics Simulation},
  author = {Lippens, G. and Van Belle, D. and Wodak, S.J. and Jeener, J.},
  year = {1993},
  journal = {Molecular Physics},
  volume = {80},
  number = {6},
  pages = {1469--1484},
  publisher = {{Taylor \& Francis}},
  issn = {0026-8976},
  doi = {10.1080/00268979300103151},
  url = {https://doi.org/10.1080/00268979300103151},
}

@article{liuGraphenebasedMembranes2015,
  title = {Graphene-Based Membranes},
  author = {Liu, Gongping and Jin, Wanqin and Xu, Nanping},
  year = {2015},
  journal = {Chemical Society Reviews},
  volume = {44},
  number = {15},
  pages = {5016--5030},
  publisher = {{Royal Society of Chemistry}},
  doi = {10.1039/C4CS00423J},
  url = {https://pubs.rsc.org/en/content/articlelanding/2015/cs/c4cs00423j},
}

@article{liuInterfacialLayerStructure2005,
  title = {Interfacial Layer Structure at Alcohol/Silica Interfaces Probed by Sum-Frequency Vibrational Spectroscopy},
  author = {Liu, Weitao and Zhang, Luning and Shen, Y.R.},
  year = {2005},
  journal = {Chemical Physics Letters},
  volume = {412},
  number = {1-3},
  pages = {206--209},
  issn = {00092614},
  doi = {10.1016/j.cplett.2005.06.113},
  url = {https://linkinghub.elsevier.com/retrieve/pii/S000926140500936X},
}

@online{mackayCountoscopeMeasuringSelf2023,
  title = {The {{Countoscope}}: {{Measuring Self}} and {{Collective Dynamics}} without {{Trajectories}}},
  shorttitle = {The {{Countoscope}}},
  author = {Mackay, Eleanor K. R. and Marbach, Sophie and Sprinkle, Brennan and Thorneywork, Alice L.},
  year = {2023},
  eprint = {2311.00647},
  eprinttype = {arxiv},
  eprintclass = {cond-mat},
  url = {http://arxiv.org/abs/2311.00647},
  pubstate = {preprint},
}

@article{mackerellAllAtomEmpiricalPotential1998,
  title = {All-{{Atom Empirical Potential}} for {{Molecular Modeling}} and {{Dynamics Studies}} of {{Proteins}}},
  author = {MacKerell, A. D. and Bashford, D. and Bellott, M. and Dunbrack, R. L. and Evanseck, J. D. and Field, M. J. and Fischer, S. and Gao, J. and Guo, H. and Ha, S. and Joseph-McCarthy, D. and Kuchnir, L. and Kuczera, K. and Lau, F. T. K. and Mattos, C. and Michnick, S. and Ngo, T. and Nguyen, D. T. and Prodhom, B. and Reiher, W. E. and Roux, B. and Schlenkrich, M. and Smith, J. C. and Stote, R. and Straub, J. and Watanabe, M. and Wiórkiewicz-Kuczera, J. and Yin, D. and Karplus, M.},
  year = {1998},
  journal = {The Journal of Physical Chemistry B},
  volume = {102},
  number = {18},
  pages = {3586--3616},
  issn = {1520-6106, 1520-5207},
  doi = {10.1021/jp973084f},
  url = {https://pubs.acs.org/doi/10.1021/jp973084f},
}

@article{malaebReverseOsmosisTechnology2011,
  title = {Reverse Osmosis Technology for Water Treatment: {{State}} of the Art Review},
  shorttitle = {Reverse Osmosis Technology for Water Treatment},
  author = {Malaeb, Lilian and Ayoub, George M.},
  year = {2011},
  journal = {Desalination},
  volume = {267},
  number = {1},
  pages = {1--8},
  issn = {00119164},
  doi = {10.1016/j.desal.2010.09.001},
  url = {https://linkinghub.elsevier.com/retrieve/pii/S0011916410006351},
}

@article{markthalerLessonsLearnedCalculation2019,
  title = {Lessons {{Learned}} from the {{Calculation}} of {{One-Dimensional Potentials}} of {{Mean Force}} [{{Article}} v1.0]},
  author = {Markthaler, Daniel and Jakobtorweihen, Sven and Hansen, Niels},
  year = {2019},
  journal = {Living Journal of Computational Molecular Science},
  volume = {1},
  number = {1},
  issn = {25756524},
  doi = {10.33011/livecoms.1.2.11073},
  url = {https://www.livecomsjournal.org/article/11073-lessons-learned-from-the-calculation-of-one-dimensional-potentials-of-mean-force-article-v1-0},
}

@article{masunovBondShorteningHydrogenBond2001,
  title = {{{C}}−{{H Bond-Shortening}} upon {{Hydrogen Bond Formation}}: {{Influence}} of an {{Electric Field}}},
  shorttitle = {{{C}}−{{H Bond-Shortening}} upon {{Hydrogen Bond Formation}}},
  author = {Masunov, Artëm and Dannenberg, J. J. and Contreras, Rubén H.},
  year = {2001},
  journal = {The Journal of Physical Chemistry A},
  volume = {105},
  number = {19},
  pages = {4737--4740},
  issn = {1089-5639, 1520-5215},
  doi = {10.1021/jp0043470},
  url = {https://pubs.acs.org/doi/10.1021/jp0043470},
}

@article{mhannaDynamicHeterogeneitiesLiquid2020,
  title = {Dynamic {{Heterogeneities}} in {{Liquid Mixtures Confined}} in {{Nanopores}}},
  author = {Mhanna, Ramona and Catrou, Pierre and Dutta, Sujeet and Lefort, Ronan and Essafri, Ilham and Ghoufi, Aziz and Muthmann, Matthias and Zamponi, Michaela and Frick, Bernhard and Morineau, Denis},
  year = {2020},
  journal = {The Journal of Physical Chemistry B},
  volume = {124},
  number = {15},
  pages = {3152--3162},
  issn = {1520-6106, 1520-5207},
  doi = {10.1021/acs.jpcb.0c01035},
  url = {https://pubs.acs.org/doi/10.1021/acs.jpcb.0c01035},
}

@article{mijakovicEthanolwaterMixturesUltrasonics2011,
  title = {Ethanol-Water Mixtures: Ultrasonics, {{Brillouin}} Scattering and Molecular Dynamics},
  shorttitle = {Ethanol-Water Mixtures},
  author = {Mijaković, M. and Kežić, B. and Zoranić, L. and Sokolić, F. and Asenbaum, A. and Pruner, C. and Wilhelm, Emmerich and Perera, A.},
  year = {2011},
  journal = {Journal of Molecular Liquids},
  volume = {164},
  number = {1-2},
  pages = {66--73},
  issn = {01677322},
  doi = {10.1016/j.molliq.2011.06.009},
  url = {https://linkinghub.elsevier.com/retrieve/pii/S0167732211002145},
}

@article{mondalEthanolExchangeTwo2022,
  title = {Ethanol Exchange between Two Graphene Surfaces in Nanoconfined Aqueous Solution: {{Rate}} and Mechanism},
  shorttitle = {Ethanol Exchange between Two Graphene Surfaces in Nanoconfined Aqueous Solution},
  author = {Mondal, Sangita and Acharya, Subhajit and Mondal, Sayantan and Bagchi, Biman},
  year = {2022},
  journal = {The Journal of Chemical Physics},
  volume = {157},
  number = {19},
  pages = {194703},
  issn = {0021-9606, 1089-7690},
  doi = {10.1063/5.0099621},
  url = {https://pubs.aip.org/aip/jcp/article/2842114},
}

@article{moradiThermodynamicsInterfaces,
  title = {Thermodynamics of {{Interfaces}}},
  author = {Moradi, Omid},
  journal = {Interaction Studies},
}

@article{muthulakshmiEvidenceConfinementInduced2017,
  title = {Evidence for Confinement Induced Phase Separation in Ethanol–Water Mixture: A Positron Annihilation Study},
  shorttitle = {Evidence for Confinement Induced Phase Separation in Ethanol–Water Mixture},
  author = {Muthulakshmi, T. and Dutta, D. and Maheshwari, Priya and Pujari, P. K.},
  year = {2017},
  journal = {Journal of Physics: Condensed Matter},
  volume = {30},
  number = {2},
  pages = {025001},
  publisher = {{IOP Publishing}},
  issn = {0953-8984},
  doi = {10.1088/1361-648X/aa9c12},
  url = {https://dx.doi.org/10.1088/1361-648X/aa9c12},
}

@article{nagaiPositionDependentDiffusionConstant2020,
  title = {Position-{{Dependent Diffusion Constant}} of {{Molecules}} in {{Heterogeneous Systems}} as {{Evaluated}} by the {{Local Mean Squared Displacement}}},
  author = {Nagai, Tetsuro and Tsurumaki, Shuhei and Urano, Ryo and Fujimoto, Kazushi and Shinoda, Wataru and Okazaki, Susumu},
  year = {2020},
  journal = {Journal of Chemical Theory and Computation},
  volume = {16},
  number = {12},
  pages = {7239--7254},
  issn = {1549-9618, 1549-9626},
  doi = {10.1021/acs.jctc.0c00448},
  url = {https://pubs.acs.org/doi/10.1021/acs.jctc.0c00448},
}

@article{natal-santiagoMicrocalorimetricFTIRDFT1998,
  title = {Microcalorimetric, {{FTIR}}, and {{DFT Studies}} of the {{Adsorption}} of {{Methanol}}, {{Ethanol}}, and 2,2,2-{{Trifluoroethanol}} on {{Silica}}},
  author = {Natal-Santiago, M.A. and Dumesic, J.A.},
  year = {1998},
  journal = {Journal of Catalysis},
  volume = {175},
  number = {2},
  pages = {252--268},
  issn = {00219517},
  doi = {10.1006/jcat.1998.2003},
  url = {https://linkinghub.elsevier.com/retrieve/pii/S0021951798920036},
}

@article{newMolecularDynamicsCalculation1995,
  title = {Molecular {{Dynamics Calculation}} of the {{Effect}} of {{Solvent Polarizability}} on the {{Hydrophobic Interaction}}},
  author = {New, Michael H. and Berne, B. J.},
  year = {1995},
  journal = {Journal of the American Chemical Society},
  volume = {117},
  number = {27},
  pages = {7172--7179},
  issn = {0002-7863, 1520-5126},
  doi = {10.1021/ja00132a017},
  url = {https://pubs.acs.org/doi/abs/10.1021/ja00132a017},
}

@article{noskovMolecularDynamicsStudy2005,
  title = {Molecular {{Dynamics Study}} of {{Hydration}} in {{Ethanol}}−{{Water Mixtures Using}} a {{Polarizable Force Field}}},
  author = {Noskov, Sergei Yu. and Lamoureux, Guillaume and Roux, Benoît},
  year = {2005},
  journal = {The Journal of Physical Chemistry B},
  volume = {109},
  number = {14},
  pages = {6705--6713},
  issn = {1520-6106, 1520-5207},
  doi = {10.1021/jp045438q},
  url = {https://pubs.acs.org/doi/10.1021/jp045438q},
}

@article{nuhnenPracticalGuideCalculate2020,
  title = {A Practical Guide to Calculate the Isosteric Heat/Enthalpy of Adsorption {\emph{via}} Adsorption Isotherms in Metal–Organic Frameworks, {{MOFs}}},
  author = {Nuhnen, Alexander and Janiak, Christoph},
  year = {2020},
  journal = {Dalton Transactions},
  volume = {49},
  number = {30},
  pages = {10295--10307},
  issn = {1477-9226, 1477-9234},
  doi = {10.1039/D0DT01784A},
  url = {http://xlink.rsc.org/?DOI=D0DT01784A},
}

@article{ochediCarbonDioxideCapture2021,
  title = {Carbon Dioxide Capture Using Liquid Absorption Methods: A Review},
  shorttitle = {Carbon Dioxide Capture Using Liquid Absorption Methods},
  author = {Ochedi, Friday O. and Yu, Jianglong and Yu, Hai and Liu, Yangxian and Hussain, Arshad},
  year = {2021},
  journal = {Environmental Chemistry Letters},
  volume = {19},
  number = {1},
  pages = {77--109},
  issn = {1610-3661},
  doi = {10.1007/s10311-020-01093-8},
  url = {https://doi.org/10.1007/s10311-020-01093-8},
}

@article{odeliusIntermolecularDipoleDipoleRelaxation1993,
  title = {Intermolecular {{Dipole-Dipole Relaxation}}. {{A Molecular Dynamics Simulation}}},
  author = {Odelius, M. and Laaksonen, A. and Levitt, M.H. and Kowalewski, J.},
  year = {1993},
  journal = {Journal of Magnetic Resonance, Series A},
  volume = {105},
  number = {3},
  pages = {289--294},
  issn = {10641858},
  doi = {10.1006/jmra.1993.1283},
  url = {https://linkinghub.elsevier.com/retrieve/pii/S1064185883712830},
}

@article{ortizInvestigatingPressureInducedAmorphization2013,
  title = {Investigating the {{Pressure-Induced Amorphization}} of {{Zeolitic Imidazolate Framework ZIF-8}}: {{Mechanical Instability Due}} to {{Shear Mode Softening}}},
  shorttitle = {Investigating the {{Pressure-Induced Amorphization}} of {{Zeolitic Imidazolate Framework ZIF-8}}},
  author = {Ortiz, Aurélie U. and Boutin, Anne and Fuchs, Alain H. and Coudert, François-Xavier},
  year = {2013},
  journal = {The Journal of Physical Chemistry Letters},
  volume = {4},
  number = {11},
  pages = {1861--1865},
  issn = {1948-7185, 1948-7185},
  doi = {10.1021/jz400880p},
  url = {https://pubs.acs.org/doi/10.1021/jz400880p},
}

@article{ozkanCurrentStatusPillars2022,
  title = {Current Status and Pillars of Direct Air Capture Technologies},
  author = {Ozkan, Mihrimah and Nayak, Saswat Priyadarshi and Ruiz, Anthony D. and Jiang, Wenmei},
  year = {2022},
  journal = {iScience},
  volume = {25},
  number = {4},
  pages = {103990},
  issn = {25890042},
  doi = {10.1016/j.isci.2022.103990},
  url = {https://linkinghub.elsevier.com/retrieve/pii/S2589004222002607},
}

@article{parkMaximizingRightStuff2017,
  title = {Maximizing the Right Stuff: {{The}} Trade-off between Membrane Permeability and Selectivity},
  shorttitle = {Maximizing the Right Stuff},
  author = {Park, Ho Bum and Kamcev, Jovan and Robeson, Lloyd M. and Elimelech, Menachem and Freeman, Benny D.},
  year = {2017},
  journal = {Science},
  volume = {356},
  number = {6343},
  pages = {eaab0530},
  issn = {0036-8075, 1095-9203},
  doi = {10.1126/science.aab0530},
  url = {https://www.science.org/doi/10.1126/science.aab0530},
}

@article{partayNewMethodDetermining2008,
  title = {A New Method for Determining the Interfacial Molecules and Characterizing the Surface Roughness in Computer Simulations. {{Application}} to the Liquid–Vapor Interface of Water},
  author = {Pártay, Lívia B. and Hantal, György and Jedlovszky, Pál and Vincze, Árpád and Horvai, George},
  year = {2008},
  journal = {Journal of Computational Chemistry},
  volume = {29},
  number = {6},
  pages = {945--956},
  issn = {01928651, 1096987X},
  doi = {10.1002/jcc.20852},
  url = {https://onlinelibrary.wiley.com/doi/10.1002/jcc.20852},
}

@article{pascalThermodynamicsLiquidsStandard2011,
  title = {Thermodynamics of Liquids: Standard Molar Entropies and Heat Capacities of Common Solvents from {{2PT}} Molecular Dynamics},
  shorttitle = {Thermodynamics of Liquids},
  author = {Pascal, Tod A. and Lin, Shiang-Tai and Goddard Iii, William A.},
  year = {2011},
  journal = {Phys. Chem. Chem. Phys.},
  volume = {13},
  number = {1},
  pages = {169--181},
  issn = {1463-9076, 1463-9084},
  doi = {10.1039/C0CP01549K},
  url = {http://xlink.rsc.org/?DOI=C0CP01549K},
}

@article{peemoellerWaterMoleculeDynamics1986,
  title = {Water Molecule Dynamics in Hydrated Lysozyme. {{A}} Deuteron Magnetic Resonance Study},
  author = {Peemoeller, H. and Yeomans, F.G. and Kydon, D.W. and Sharp, A.R.},
  year = {1986},
  journal = {Biophysical Journal},
  volume = {49},
  number = {4},
  pages = {943--948},
  issn = {00063495},
  doi = {10.1016/S0006-3495(86)83722-5},
  url = {https://linkinghub.elsevier.com/retrieve/pii/S0006349586837225},
}

@article{pendhariApplicationPolymerComposites2008,
  title = {Application of Polymer Composites in Civil Construction: {{A}} General Review},
  shorttitle = {Application of Polymer Composites in Civil Construction},
  author = {Pendhari, Sandeep S. and Kant, Tarun and Desai, Yogesh M.},
  year = {2008},
  journal = {Composite Structures},
  volume = {84},
  number = {2},
  pages = {114--124},
  issn = {02638223},
  doi = {10.1016/j.compstruct.2007.06.007},
  url = {https://linkinghub.elsevier.com/retrieve/pii/S026382230700181X},
}

@article{pengMembranesBioethanolProduction2021,
  title = {Membranes for Bioethanol Production by Pervaporation},
  author = {Peng, Ping and Lan, Yongqiang and Liang, Lun and Jia, Kemeng},
  year = {2021},
  journal = {Biotechnology for Biofuels},
  volume = {14},
  number = {1},
  pages = {10},
  issn = {1754-6834},
  doi = {10.1186/s13068-020-01857-y},
  url = {https://doi.org/10.1186/s13068-020-01857-y},
}

@article{peregoMolecularDynamicsSimulations2015,
  title = {Molecular Dynamics Simulations of Solutions at Constant Chemical Potential},
  author = {Perego, C. and Salvalaglio, M. and Parrinello, M.},
  year = {2015},
  journal = {The Journal of Chemical Physics},
  volume = {142},
  number = {14},
  pages = {144113},
  issn = {0021-9606, 1089-7690},
  doi = {10.1063/1.4917200},
  url = {https://pubs.aip.org/aip/jcp/article/898424},
}

@article{pereraKirkwoodBuffIntegralsAqueous2006,
  title = {Kirkwood-{{Buff}} Integrals of Aqueous Alcohol Binary Mixtures},
  author = {Perera, A. and Sokolić, F. and Almásy, L. and Koga, Y.},
  year = {2006},
  journal = {The Journal of Chemical Physics},
  volume = {124},
  number = {12},
  pages = {124515},
  issn = {0021-9606, 1089-7690},
  doi = {10.1063/1.2178787},
  url = {https://pubs.aip.org/aip/jcp/article/929147},
}

@article{perrinWaterDynamicsIonomer2006,
  title = {Water {{Dynamics}} in {{Ionomer Membranes}} by {{Field-Cycling NMR Relaxometry}}},
  author = {Perrin, Jean-Christophe and Lyonnard, Sandrine and Guillermo, Armel and Levitz, Pierre},
  year = {2006},
  journal = {The Journal of Physical Chemistry B},
  volume = {110},
  number = {11},
  pages = {5439--5444},
  issn = {1520-6106, 1520-5207},
  doi = {10.1021/jp057433e},
  url = {https://pubs.acs.org/doi/10.1021/jp057433e},
}

@article{peterCalculationNMRrelaxationParameters2001,
  title = {Calculation of {{NMR-relaxation}} Parameters for Flexible Molecules from Molecular Dynamics Simulations},
  author = {Peter, Christine and Daura, Xavier and {vanGunsteren}, Wilfred F},
  year = {2001},
}

@article{petitMultiscaleDynamics1H2010,
  title = {Multiscale Dynamics of {{1H}} and {{19F}} in Confined Ionogels for Lithium Batteries},
  author = {Petit, Dominique and Korb, Jean-Pierre and Levitz, Pierre and LeBideau, Jean and Brevet, David},
  year = {2010},
  journal = {Comptes Rendus Chimie},
  volume = {13},
  number = {4},
  pages = {409--411},
  issn = {16310748},
  doi = {10.1016/j.crci.2009.08.002},
  url = {https://linkinghub.elsevier.com/retrieve/pii/S1631074809001489},
}

@article{petongWaterEthanolMixtures2000,
  title = {{{Water}}−{{Ethanol Mixtures}} at {{Different Compositions}} and {{Temperatures}}. {{A Dieletric Relaxation Study}}},
  author = {Petong, P. and Pottel, R. and Kaatze, U.},
  year = {2000},
  journal = {The Journal of Physical Chemistry A},
  volume = {104},
  number = {32},
  pages = {7420--7428},
  issn = {1089-5639, 1520-5215},
  doi = {10.1021/jp001393r},
  url = {https://pubs.acs.org/doi/10.1021/jp001393r},
}

@article{phanFluidTransportHeterogeneous2020,
  title = {Fluid Transport through Heterogeneous Pore Matrices: {{Multiscale}} Simulation Approaches},
  shorttitle = {Fluid Transport through Heterogeneous Pore Matrices},
  author = {Phan, Anh and Fan, Dian and Striolo, Alberto},
  year = {2020},
  journal = {Physics of Fluids},
  volume = {32},
  number = {10},
  pages = {101301},
  issn = {1070-6631},
  doi = {10.1063/5.0022481},
  url = {https://doi.org/10.1063/5.0022481},
}

@article{phanPreferentialAdsorptionLiquid2014,
  title = {Preferential {{Adsorption}} from {{Liquid Water}}–{{Ethanol Mixtures}} in {{Alumina Pores}}},
  author = {Phan, Anh and Cole, David R. and Striolo, Alberto},
  year = {2014},
  journal = {Langmuir},
  volume = {30},
  number = {27},
  pages = {8066--8077},
  publisher = {{American Chemical Society}},
  issn = {0743-7463},
  doi = {10.1021/la501177t},
  url = {https://doi.org/10.1021/la501177t},
}

@article{phanSurfaceTensionInterfacial,
  title = {The Surface Tension and Interfacial Composition of Water/Ethanol Mixture},
  author = {Phan, Chi M},
}

@article{philipsProtonNMRRelaxation2019,
  title = {Proton {{NMR}} Relaxation from Molecular Dynamics: Intramolecular and Intermolecular Contributions in Water and Acetonitrile},
  shorttitle = {Proton {{NMR}} Relaxation from Molecular Dynamics},
  author = {Philips, Adam and Autschbach, Jochen},
  year = {2019},
  journal = {Physical Chemistry Chemical Physics},
  volume = {21},
  number = {48},
  pages = {26621--26629},
  issn = {1463-9076, 1463-9084},
  doi = {10.1039/C9CP04976B},
  url = {http://xlink.rsc.org/?DOI=C9CP04976B},
}

@article{philipsQuadrupolarNMRRelaxation2020,
  title = {Quadrupolar {{NMR Relaxation}} of {{Aqueous}} {\textsuperscript{127}} {{I}} {\textsuperscript{–}} , {\textsuperscript{131}} {{Xe}}, and {\textsuperscript{133}} {{Cs}} {\textsuperscript{+}} : {{A First-Principles Approach}} from {{Dynamics}} to {{Properties}}},
  shorttitle = {Quadrupolar {{NMR Relaxation}} of {{Aqueous}} {\textsuperscript{127}} {{I}} {\textsuperscript{–}} , {\textsuperscript{131}} {{Xe}}, and {\textsuperscript{133}} {{Cs}} {\textsuperscript{+}}},
  author = {Philips, Adam and Autschbach, Jochen},
  year = {2020},
  journal = {Journal of Chemical Theory and Computation},
  volume = {16},
  number = {9},
  pages = {5835--5844},
  issn = {1549-9618, 1549-9626},
  doi = {10.1021/acs.jctc.0c00581},
  url = {https://pubs.acs.org/doi/10.1021/acs.jctc.0c00581},
}

@online{PositionDependentDiffusion,
  title = {Position Dependent Diffusion Tensors in Anisotropic Media from Simulation: Oxygen Transport in and through Membranes - {{PMC}}},
  url = {https://www-ncbi-nlm-nih-gov.sidnomade-2.grenet.fr/pmc/articles/PMC6311093/},
}

@article{pozarMicroheterogeneityClusteringBinary2016,
  title = {Micro-Heterogeneity versus Clustering in Binary Mixtures of Ethanol with Water or Alkanes},
  author = {Požar, Martina and Lovrinčević, Bernarda and Zoranić, Larisa and Primorać, Tomislav and Sokolić, Franjo and Perera, Aurélien},
  year = {2016},
  journal = {Physical Chemistry Chemical Physics},
  volume = {18},
  number = {34},
  pages = {23971--23979},
  issn = {1463-9076, 1463-9084},
  doi = {10.1039/C6CP04676B},
  url = {http://xlink.rsc.org/?DOI=C6CP04676B},
}

@online{PreferentialAdsorptionLiquid,
  title = {Preferential {{Adsorption}} from {{Liquid Water}}–{{Ethanol Mixtures}} in {{Alumina Pores}} | {{Langmuir}}},
  url = {https://pubs-acs-org.sidnomade-1.grenet.fr/doi/full/10.1021/la501177t},
}

@article{prsljaAdsorptionWaterMethanol2019,
  title = {Adsorption of Water, Methanol, and Their Mixtures in Slit Graphite Pores},
  author = {Pršlja, Paulina and Lomba, Enrique and Gómez-Álvarez, Paula and Urbič, Tomaz and Noya, Eva G.},
  year = {2019},
  journal = {The Journal of Chemical Physics},
  volume = {150},
  number = {2},
  pages = {024705},
  issn = {0021-9606, 1089-7690},
  doi = {10.1063/1.5078603},
  url = {https://pubs.aip.org/jcp/article/150/2/024705/197290/Adsorption-of-water-methanol-and-their-mixtures-in},
}

@article{rahbariChemicalPotentialsWater2018,
  title = {Chemical Potentials of Water, Methanol, Carbon Dioxide and Hydrogen Sulphide at Low Temperatures Using Continuous Fractional Component {{Gibbs}} Ensemble {{Monte Carlo}}},
  author = {Rahbari, Ahmadreza and Poursaeidesfahani, Ali and Torres-Knoop, Ariana and Dubbeldam, David and Vlugt, Thijs J. H.},
  year = {2018},
  journal = {Molecular Simulation},
  volume = {44},
  number = {5},
  pages = {405--414},
  issn = {0892-7022, 1029-0435},
  doi = {10.1080/08927022.2017.1391385},
  url = {https://www.tandfonline.com/doi/full/10.1080/08927022.2017.1391385},
}

@article{raoLiquidphaseAdsorptionBulk1993,
  title = {Liquid-Phase {{Adsorption}} of {{Bulk Ethanol}}–{{Water Mixtures}} by {{Alumina}}},
  author = {Rao, M.B. and Sircar, S.},
  year = {1993},
  journal = {Adsorption Science \& Technology},
  volume = {10},
  number = {1-4},
  pages = {93--104},
  publisher = {{SAGE Publications Ltd STM}},
  issn = {0263-6174},
  doi = {10.1177/0263617499010001-409},
  url = {https://doi.org/10.1177/0263617499010001-409},
}

@article{raoLiquidphaseAdsorptionBulk1993a,
  title = {Liquid-Phase {{Adsorption}} of {{Bulk Ethanol}}–{{Water Mixtures}} by {{Alumina}}},
  author = {Rao, M.B. and Sircar, S.},
  year = {1993},
  journal = {Adsorption Science \& Technology},
  volume = {10},
  number = {1-4},
  pages = {93--104},
  publisher = {{SAGE Publications Ltd STM}},
  issn = {0263-6174},
  doi = {10.1177/0263617499010001-409},
  url = {https://doi.org/10.1177/0263617499010001-409},
}

@article{rauxDesignUnidirectionalWater2020,
  title = {Design of a Unidirectional Water Valve in {{Tillandsia}}},
  author = {Raux, Pascal S. and Gravelle, Simon and Dumais, Jacques},
  year = {2020},
  journal = {Nature Communications},
  volume = {11},
  number = {1},
  pages = {396},
  publisher = {{Nature Publishing Group}},
  issn = {2041-1723},
  doi = {10.1038/s41467-019-14236-5},
  url = {https://www.nature.com/articles/s41467-019-14236-5},
  issue = {1},
}

@article{reifNewInteractionParameters2012,
  title = {New {{Interaction Parameters}} for {{Charged Amino Acid Side Chains}} in the {{GROMOS Force Field}}},
  author = {Reif, Maria M. and Hünenberger, Philippe H. and Oostenbrink, Chris},
  year = {2012},
  journal = {Journal of Chemical Theory and Computation},
  volume = {8},
  number = {10},
  pages = {3705--3723},
  issn = {1549-9618, 1549-9626},
  doi = {10.1021/ct300156h},
  url = {https://pubs.acs.org/doi/10.1021/ct300156h},
}

@article{rimszaMolecularDynamicsSimulations2016,
  title = {Molecular Dynamics Simulations of Nanoporous Organosilicate Glasses Using {{Reactive Force Field}} ({{ReaxFF}})},
  author = {Rimsza, J M and Deng, Lu and Du, Jincheng},
  year = {2016},
}

@article{robesonPolymerMembranesGas1999,
  title = {Polymer Membranes for Gas Separation},
  author = {Robeson, L M},
  year = {1999},
  journal = {Current Opinion in Solid State and Materials Science},
  volume = {4},
  number = {6},
}

@article{robinNanofluidicsCrossroads2023,
  title = {Nanofluidics at the Crossroads},
  author = {Robin, Paul and Bocquet, Lydéric},
  year = {2023},
  journal = {The Journal of Chemical Physics},
  volume = {158},
  number = {16},
  pages = {160901},
  issn = {0021-9606, 1089-7690},
  doi = {10.1063/5.0143222},
  url = {https://pubs.aip.org/jcp/article/158/16/160901/2884974/Nanofluidics-at-the-crossroadsP-Robin-and-L},
}

@article{rorschachProteinDynamicsNMR1986,
  title = {Protein Dynamics and the {{NMR}} Relaxation Time {{T1}} of Water in Biological Systems},
  author = {Rorschach, H.E and Hazlewood, C.F},
  year = {1986},
  journal = {Journal of Magnetic Resonance (1969)},
  volume = {70},
  number = {1},
  pages = {79--88},
  issn = {00222364},
  doi = {10.1016/0022-2364(86)90364-1},
  url = {https://linkinghub.elsevier.com/retrieve/pii/0022236486903641},
}

@article{salazar-canoHydrogenBondsMethane2016,
  title = {Hydrogen Bonds in Methane–Water Clusters},
  author = {Salazar-Cano, Juan-Ramón and Guevara-García, Alfredo and Vargas, Rubicelia and Restrepo, Albeiro and Garza, Jorge},
  year = {2016},
  journal = {Physical Chemistry Chemical Physics},
  volume = {18},
  number = {34},
  pages = {23508--23515},
  issn = {1463-9076, 1463-9084},
  doi = {10.1039/C6CP04086A},
  url = {http://xlink.rsc.org/?DOI=C6CP04086A},
}

@article{sannHighlyHydrophobicZIF82018,
  title = {Highly Hydrophobic {{ZIF-8}} Particles and Application for Oil-Water Separation},
  author = {Sann, Ei Ei and Pan, Yong and Gao, Zhongfeng and Zhan, Shenshan and Xia, Fan},
  year = {2018},
  journal = {Separation and Purification Technology},
  volume = {206},
  pages = {186--191},
  issn = {13835866},
  doi = {10.1016/j.seppur.2018.04.027},
  url = {https://linkinghub.elsevier.com/retrieve/pii/S1383586617340984},
}

@article{satoCooperativeMolecularDynamics2005,
  title = {Cooperative and Molecular Dynamics of Alcohol/Water Mixtures: The View of Dielectric Spectroscopy},
  shorttitle = {Cooperative and Molecular Dynamics of Alcohol/Water Mixtures},
  author = {Sato, Takaaki and Buchner, Richard},
  year = {2005},
  journal = {Journal of Molecular Liquids},
  volume = {117},
  number = {1-3},
  pages = {23--31},
  issn = {01677322},
  doi = {10.1016/j.molliq.2004.08.015},
  url = {https://linkinghub.elsevier.com/retrieve/pii/S0167732204002272},
}

@article{schmidComputingChemicalPotentials2023,
  title = {Computing Chemical Potentials of Adsorbed or Confined Fluids},
  author = {Schmid, Rochus and Cheng, Bingqing},
  year = {2023},
  journal = {The Journal of Chemical Physics},
  volume = {158},
  number = {16},
  pages = {161101},
  issn = {0021-9606, 1089-7690},
  doi = {10.1063/5.0146711},
  url = {https://pubs.aip.org/jcp/article/158/16/161101/2884975/Computing-chemical-potentials-of-adsorbed-or},
}

@article{segaGeneralizedIdentificationTruly2013,
  title = {The Generalized Identification of Truly Interfacial Molecules ({{ITIM}}) Algorithm for Nonplanar Interfaces},
  author = {Sega, Marcello and Kantorovich, Sofia S. and Jedlovszky, Pál and Jorge, Miguel},
  year = {2013},
  journal = {The Journal of Chemical Physics},
  volume = {138},
  number = {4},
  pages = {044110},
  issn = {0021-9606, 1089-7690},
  doi = {10.1063/1.4776196},
  url = {https://pubs.aip.org/aip/jcp/article/193226},
}

@article{segaPytimPythonPackage2018,
  title = {Pytim: {{A}} Python Package for the Interfacial Analysis of Molecular Simulations},
  shorttitle = {Pytim},
  author = {Sega, Marcello and Hantal, György and Fábián, Balázs and Jedlovszky, Pál},
  year = {2018},
  journal = {Journal of Computational Chemistry},
  volume = {39},
  number = {25},
  pages = {2118--2125},
  issn = {01928651},
  doi = {10.1002/jcc.25384},
  url = {https://onlinelibrary.wiley.com/doi/10.1002/jcc.25384},
}

@article{semiatEnergyIssuesDesalination2008,
  title = {Energy {{Issues}} in {{Desalination Processes}}},
  author = {Semiat, Raphael},
  year = {2008},
  journal = {Environmental Science \& Technology},
  volume = {42},
  number = {22},
  pages = {8193--8201},
  issn = {0013-936X, 1520-5851},
  doi = {10.1021/es801330u},
  url = {https://pubs.acs.org/doi/10.1021/es801330u},
}

@article{severinDynamicsEthanolWater2014,
  title = {Dynamics of {{Ethanol}} and {{Water Mixtures Observed}} in a {{Self-Adjusting Molecularly Thin Slit Pore}}},
  author = {Severin, N. and Sokolov, I. M. and Rabe, J. P.},
  year = {2014},
  journal = {Langmuir},
  volume = {30},
  number = {12},
  pages = {3455--3459},
  issn = {0743-7463, 1520-5827},
  doi = {10.1021/la404818a},
  url = {https://pubs.acs.org/doi/10.1021/la404818a},
}

@article{severinNanophaseSeparationMonomolecularly2015,
  title = {Nanophase {{Separation}} in {{Monomolecularly Thin Water}}–{{Ethanol Films Controlled}} by {{Graphene}}},
  author = {Severin, N. and Gienger, J. and Scenev, V. and Lange, P. and Sokolov, I. M. and Rabe, J. P.},
  year = {2015},
  journal = {Nano Letters},
  volume = {15},
  number = {2},
  pages = {1171--1176},
  issn = {1530-6984, 1530-6992},
  doi = {10.1021/nl5042484},
  url = {https://pubs.acs.org/doi/10.1021/nl5042484},
}

@article{shenCryogenicTechnologyProgress2022,
  title = {Cryogenic Technology Progress for {{CO2}} Capture under Carbon Neutrality Goals: {{A}} Review},
  shorttitle = {Cryogenic Technology Progress for {{CO2}} Capture under Carbon Neutrality Goals},
  author = {Shen, Minghai and Tong, Lige and Yin, Shaowu and Liu, Chuanping and Wang, Li and Feng, Wujun and Ding, Yulong},
  year = {2022},
  journal = {Separation and Purification Technology},
  volume = {299},
  pages = {121734},
  issn = {1383-5866},
  doi = {10.1016/j.seppur.2022.121734},
  url = {https://www.sciencedirect.com/science/article/pii/S1383586622012904},
}

@article{shiHierarchicallyNanoporousCarbon2023,
  title = {Hierarchically {{Nanoporous Carbon}} for {{CO2 Capture}} and {{Separation}}: {{Roles}} of {{Morphology}}, {{Porosity}}, and {{Surface Chemistry}}},
  shorttitle = {Hierarchically {{Nanoporous Carbon}} for {{CO2 Capture}} and {{Separation}}},
  author = {Shi, Weiwei and Yu, Jiao and Liu, Huili and Gao, Defeng and Yuan, Aili and Chang, Binbin},
  year = {2023},
  journal = {ACS Applied Nano Materials},
  volume = {6},
  number = {9},
  pages = {7887--7900},
  publisher = {{American Chemical Society}},
  doi = {10.1021/acsanm.3c01040},
  url = {https://doi.org/10.1021/acsanm.3c01040},
}

@article{shollSevenChemicalSeparations2016,
  title = {Seven Chemical Separations to Change the World},
  author = {Sholl, David S. and Lively, Ryan P.},
  year = {2016},
  journal = {Nature},
  volume = {532},
  number = {7600},
  pages = {435--437},
  issn = {0028-0836, 1476-4687},
  doi = {10.1038/532435a},
  url = {https://www.nature.com/articles/532435a},
}

@article{singerElucidatingNMRRelaxation2020,
  title = {Elucidating the {\textsuperscript{1}} {{H NMR Relaxation Mechanism}} in {{Polydisperse Polymers}} and {{Bitumen Using Measurements}}, {{MD Simulations}}, and {{Models}}},
  author = {Singer, Philip M. and Valiya Parambathu, Arjun and Wang, Xinglin and Asthagiri, Dilip and Chapman, Walter G. and Hirasaki, George J. and Fleury, Marc},
  year = {2020},
  journal = {The Journal of Physical Chemistry B},
  volume = {124},
  number = {20},
  pages = {4222--4233},
  issn = {1520-6106, 1520-5207},
  doi = {10.1021/acs.jpcb.0c01941},
  url = {https://pubs.acs.org/doi/10.1021/acs.jpcb.0c01941},
}

@article{singerMolecularDynamicsSimulations2017,
  title = {Molecular Dynamics Simulations of {{NMR}} Relaxation and Diffusion of Bulk Hydrocarbons and Water},
  author = {Singer, Philip M. and Asthagiri, Dilip and Chapman, Walter G. and Hirasaki, George J.},
  year = {2017},
  journal = {Journal of Magnetic Resonance},
  volume = {277},
  pages = {15--24},
  issn = {10907807},
  doi = {10.1016/j.jmr.2017.02.001},
  url = {https://linkinghub.elsevier.com/retrieve/pii/S1090780717300319},
}

@article{singerNMRSpinrotationRelaxation2018,
  title = {{{NMR}} Spin-Rotation Relaxation and Diffusion of Methane},
  author = {Singer, P. M. and Asthagiri, D. and Chapman, W. G. and Hirasaki, G. J.},
  year = {2018},
  journal = {The Journal of Chemical Physics},
  volume = {148},
  number = {20},
  pages = {204504},
  issn = {0021-9606},
  doi = {10.1063/1.5027097},
  url = {https://doi.org/10.1063/1.5027097},
}

@article{siracusaBiodegradablePolymersFood2008,
  title = {Biodegradable Polymers for Food Packaging: A Review},
  shorttitle = {Biodegradable Polymers for Food Packaging},
  author = {Siracusa, Valentina and Rocculi, Pietro and Romani, Santina and Rosa, Marco Dalla},
  year = {2008},
  journal = {Trends in Food Science \& Technology},
  volume = {19},
  number = {12},
  pages = {634--643},
  issn = {09242244},
  doi = {10.1016/j.tifs.2008.07.003},
  url = {https://linkinghub.elsevier.com/retrieve/pii/S0924224408002185},
}

@article{sitaramanImpactLargescaleEffects2022,
  title = {Impact of Large-Scale Effects on Mass Transfer and Concentration Polarization in {{Reverse Osmosis}} Membrane Systems},
  author = {Sitaraman, Hariswaran and Battiato, Ilenia},
  year = {2022},
  journal = {Separation and Purification Technology},
  volume = {303},
  pages = {122121},
  issn = {13835866},
  doi = {10.1016/j.seppur.2022.122121},
  url = {https://linkinghub.elsevier.com/retrieve/pii/S1383586622016768},
}

@article{smithFreeEnergyEntropy1993,
  title = {Free Energy, Entropy, and Internal Energy of Hydrophobic Interactions: {{Computer}} Simulations},
  shorttitle = {Free Energy, Entropy, and Internal Energy of Hydrophobic Interactions},
  author = {Smith, David E. and Haymet, A. D. J.},
  year = {1993},
  journal = {The Journal of Chemical Physics},
  volume = {98},
  number = {8},
  pages = {6445--6454},
  issn = {0021-9606, 1089-7690},
  doi = {10.1063/1.464809},
  url = {https://pubs.aip.org/aip/jcp/article/98/8/6445-6454/784711},
}

@article{snurrPredictionAdsorptionAromatic1993,
  title = {Prediction of Adsorption of Aromatic Hydrocarbons in Silicalite from Grand Canonical {{Monte Carlo}} Simulations with Biased Insertions},
  author = {Snurr, Randall Q. and Bell, Alexis T. and Theodorou, Doros N.},
  year = {1993},
  journal = {The Journal of Physical Chemistry},
  volume = {97},
  number = {51},
  pages = {13742--13752},
  issn = {0022-3654, 1541-5740},
  doi = {10.1021/j100153a051},
  url = {https://pubs.acs.org/doi/abs/10.1021/j100153a051},
}

@online{StepCarbonCapture,
  title = {A {{Step}} in {{Carbon Capture}} from {{Wet Gases}}: {{Understanding}} the {{Effect}} of {{Water}} on {{CO2 Adsorption}} and {{Diffusion}} in {{UiO-66}}},
  shorttitle = {A {{Step}} in {{Carbon Capture}} from {{Wet Gases}}},
  doi = {10.1021/acs.jpcc.1c09914},
  url = {https://pubs.acs.org/doi/epdf/10.1021/acs.jpcc.1c09914},
}

@article{strioloSimulatedWaterAdsorption2005,
  title = {Simulated {{Water Adsorption Isotherms}} in {{Hydrophilic}} and {{Hydrophobic Cylindrical Nanopores}}},
  author = {Striolo, Alberto and Naicker, Pavanandan K. and Chialvo, Ariel A. and Cummings, Peter T. and Gubbins, Keith E.},
  year = {2005},
  journal = {Adsorption},
  volume = {11},
  number = {S1},
  pages = {397--401},
  issn = {0929-5607, 1572-8757},
  doi = {10.1007/s10450-005-5957-9},
  url = {http://link.springer.com/10.1007/s10450-005-5957-9},
}

@article{suarezDirectMethodsComputing2015,
  title = {Direct Methods for Computing Single-Molecule Entropies from Molecular Simulations},
  author = {Suárez, Dimas and Díaz, Natalia},
  year = {2015},
  journal = {Wiley Interdisciplinary Reviews: Computational Molecular Science},
  volume = {5},
  number = {1},
  pages = {1--26},
  issn = {17590876},
  doi = {10.1002/wcms.1195},
  url = {https://onlinelibrary.wiley.com/doi/10.1002/wcms.1195},
}

@article{surblysMolecularDynamicsAnalysis2014,
  title = {Molecular Dynamics Analysis on Wetting and Interfacial Properties of Water-Alcohol Mixture Droplets on a Solid Surface},
  author = {Surblys, D. and Yamaguchi, Y. and Kuroda, K. and Kagawa, M. and Nakajima, T. and Fujimura, H.},
  year = {2014},
  journal = {The Journal of Chemical Physics},
  volume = {140},
  number = {3},
  pages = {034505},
  issn = {0021-9606, 1089-7690},
  doi = {10.1063/1.4861039},
  url = {https://pubs.aip.org/jcp/article/140/3/034505/601484/Molecular-dynamics-analysis-on-wetting-and},
}

@article{szlufarskaRecentAdvancesSingleasperity2008,
  title = {Recent Advances in Single-Asperity Nanotribology},
  author = {Szlufarska, Izabela and Chandross, Michael and Carpick, Robert W},
  year = {2008},
  journal = {Journal of Physics D: Applied Physics},
  volume = {41},
  number = {12},
  pages = {123001},
  issn = {0022-3727, 1361-6463},
  doi = {10.1088/0022-3727/41/12/123001},
  url = {https://iopscience.iop.org/article/10.1088/0022-3727/41/12/123001},
}

@article{tanConsistencyNVTNPT2020,
  title = {Consistency of {{NVT}}, {{NPT}}, {{µVT}} and {{Gibbs}} ({{NV2T}} and {{NPT}}) with Kinetic {{Monte Carlo}} Schemes},
  author = {Tan, Shiliang (Johnathan) and Do, D.D. and Nicholson, D.},
  year = {2020},
  journal = {Chemical Engineering Journal},
  volume = {401},
  pages = {126056},
  issn = {13858947},
  doi = {10.1016/j.cej.2020.126056},
  url = {https://linkinghub.elsevier.com/retrieve/pii/S1385894720321847},
}

@article{taylorMoleculardynamicsSimulationsEthanol2003,
  title = {Molecular-Dynamics Simulations of the Ethanol Liquid–Vapor Interface},
  author = {Taylor, Ramona S. and Shields, Roseanne L.},
  year = {2003},
  journal = {The Journal of Chemical Physics},
  volume = {119},
  number = {23},
  pages = {12569--12576},
  issn = {0021-9606, 1089-7690},
  doi = {10.1063/1.1625643},
  url = {https://pubs.aip.org/jcp/article/119/23/12569/534599/Molecular-dynamics-simulations-of-the-ethanol},
}

@article{thompsonLAMMPSFlexibleSimulation2022,
  title = {{{LAMMPS}} - a Flexible Simulation Tool for Particle-Based Materials Modeling at the Atomic, Meso, and Continuum Scales},
  author = {Thompson, Aidan P. and Aktulga, H. Metin and Berger, Richard and Bolintineanu, Dan S. and Brown, W. Michael and Crozier, Paul S. and In 'T Veld, Pieter J. and Kohlmeyer, Axel and Moore, Stan G. and Nguyen, Trung Dac and Shan, Ray and Stevens, Mark J. and Tranchida, Julien and Trott, Christian and Plimpton, Steven J.},
  year = {2022},
  journal = {Computer Physics Communications},
  volume = {271},
  pages = {108171},
  issn = {00104655},
  doi = {10.1016/j.cpc.2021.108171},
  url = {https://linkinghub.elsevier.com/retrieve/pii/S0010465521002836},
}

@article{tsimpanogiannisSelfdiffusionCoefficientBulk2019,
  title = {Self-Diffusion Coefficient of Bulk and Confined Water: A Critical Review of Classical Molecular Simulation Studies},
  shorttitle = {Self-Diffusion Coefficient of Bulk and Confined Water},
  author = {Tsimpanogiannis, Ioannis N. and Moultos, Othonas A. and Franco, Luís F. M. and Spera, Marcelle B. De M. and Erdős, Máté and Economou, Ioannis G.},
  year = {2019},
  journal = {Molecular Simulation},
  volume = {45},
  number = {4-5},
  pages = {425--453},
  issn = {0892-7022, 1029-0435},
  doi = {10.1080/08927022.2018.1511903},
  url = {https://www.tandfonline.com/doi/full/10.1080/08927022.2018.1511903},
}

@article{vanossRoleVanWaals1986,
  title = {The Role of van Der {{Waals}} Forces and Hydrogen Bonds in “Hydrophobic Interactions” between Biopolymers and Low Energy Surfaces},
  author = {{vanOss}, C.J and Good, R.J and Chaudhury, M.K},
  year = {1986},
  journal = {Journal of Colloid and Interface Science},
  volume = {111},
  number = {2},
  pages = {378--390},
  issn = {00219797},
  doi = {10.1016/0021-9797(86)90041-X},
  url = {https://linkinghub.elsevier.com/retrieve/pii/002197978690041X},
}

@article{walker-gibbonsRoleSurfaceChemistry2022,
  title = {The {{Role}} of {{Surface Chemistry}} in the {{Orientational Behavior}} of {{Water}} at an {{Interface}}},
  author = {Walker-Gibbons, Rowan and Kubincová, Alžbeta and Hünenberger, Philippe H. and Krishnan, Madhavi},
  year = {2022},
  journal = {The Journal of Physical Chemistry B},
  volume = {126},
  number = {25},
  pages = {4697--4710},
  issn = {1520-6106, 1520-5207},
  doi = {10.1021/acs.jpcb.2c01752},
  url = {https://pubs.acs.org/doi/10.1021/acs.jpcb.2c01752},
}

@article{wangMOFGlassMembrane2020,
  title = {A {{MOF Glass Membrane}} for {{Gas Separation}}},
  author = {Wang, Yuhan and Jin, Hua and Ma, Qiang and Mo, Kai and Mao, Haizhuo and Feldhoff, Armin and Cao, Xingzhong and Li, Yanshuo and Pan, Fusheng and Jiang, Zhongyi},
  year = {2020},
  journal = {Angewandte Chemie},
  volume = {132},
  number = {11},
  pages = {4395--4399},
  issn = {0044-8249, 1521-3757},
  doi = {10.1002/ange.201915807},
  url = {https://onlinelibrary.wiley.com/doi/10.1002/ange.201915807},
}

@article{weiImpactsEthanolWater2019,
  title = {Impacts of {{Ethanol}} and {{Water Adsorptions}} on {{Thermal Conductivity}} of {{ZIF-8}}},
  author = {Wei, Wei and Huang, Jun and Li, Wei and Peng, Haiyan and Li, Song},
  year = {2019},
  journal = {The Journal of Physical Chemistry C},
  volume = {123},
  number = {45},
  pages = {27369--27374},
  issn = {1932-7447, 1932-7455},
  doi = {10.1021/acs.jpcc.9b08187},
  url = {https://pubs.acs.org/doi/10.1021/acs.jpcc.9b08187},
}

@article{weinerAllAtomForce1986,
  title = {An All Atom Force Field for Simulations of Proteins and Nucleic Acids: {{An All Atom Force Field}}},
  shorttitle = {An All Atom Force Field for Simulations of Proteins and Nucleic Acids},
  author = {Weiner, Scott J. and Kollman, Peter A. and Nguyen, Dzung T. and Case, David A.},
  year = {1986},
  journal = {Journal of Computational Chemistry},
  volume = {7},
  number = {2},
  pages = {230--252},
  issn = {01928651},
  doi = {10.1002/jcc.540070216},
  url = {https://onlinelibrary.wiley.com/doi/10.1002/jcc.540070216},
}

@article{wilsonAdsorptionSolvationEthanol1997,
  title = {Adsorption and {{Solvation}} of {{Ethanol}} at the {{Water Liquid}}−{{Vapor Interface}}: {{A Molecular Dynamics Study}}},
  shorttitle = {Adsorption and {{Solvation}} of {{Ethanol}} at the {{Water Liquid}}−{{Vapor Interface}}},
  author = {Wilson, Michael A. and Pohorille, Andrew},
  year = {1997},
  journal = {The Journal of Physical Chemistry B},
  volume = {101},
  number = {16},
  pages = {3130--3135},
  issn = {1520-6106, 1520-5207},
  doi = {10.1021/jp962629n},
  url = {https://pubs.acs.org/doi/10.1021/jp962629n},
}

@article{woessnerDenseGasDiffusion1969,
  title = {Dense {{Gas Diffusion Coefficients}} for the {{Methane-Propane System}}},
  author = {Woessner, D. E. and Snowden, B. S. and George, R. A. and Melrose, J. C.},
  year = {1969},
  journal = {Industrial \& Engineering Chemistry Fundamentals},
  volume = {8},
  number = {4},
  pages = {779--786},
  issn = {0196-4313, 1541-4833},
  doi = {10.1021/i160032a029},
  url = {https://pubs.acs.org/doi/abs/10.1021/i160032a029},
}

@article{wolde-kidanInfluencePolarCosolutes2019,
  title = {Influence of Polar Co-Solutes and Salt on the Hydration of Lipid Membranes},
  author = {Wolde-Kidan, Amanuel and Pham, Quoc Dat and Schlaich, Alexander and Loche, Philip and Sparr, Emma and Netz, Roland R. and Schneck, Emanuel},
  year = {2019},
  journal = {Physical Chemistry Chemical Physics},
  volume = {21},
  number = {31},
  pages = {16989--17000},
  issn = {1463-9076, 1463-9084},
  doi = {10.1039/C9CP01953G},
  url = {http://xlink.rsc.org/?DOI=C9CP01953G},
}

@article{wolde-kidanInterplayInterfacialViscosity2021,
  title = {Interplay of {{Interfacial Viscosity}}, {{Specific-Ion}}, and {{Impurity Adsorption Determines Zeta Potentials}} of {{Phospholipid Membranes}}},
  author = {Wolde-Kidan, Amanuel and Netz, Roland R.},
  year = {2021},
  journal = {Langmuir},
  volume = {37},
  number = {28},
  pages = {8463--8473},
  issn = {0743-7463, 1520-5827},
  doi = {10.1021/acs.langmuir.1c00868},
  url = {https://pubs.acs.org/doi/10.1021/acs.langmuir.1c00868},
}

@article{wolfsonCommentPositionDependent2018,
  title = {A Comment on the Position Dependent Diffusion Coefficient Representation of Structural Heterogeneity},
  author = {Wolfson, Molly and Liepold, Christopher and Lin, Binhua and Rice, Stuart A.},
  year = {2018},
  journal = {The Journal of Chemical Physics},
  volume = {148},
  number = {19},
  eprint = {30307234},
  eprinttype = {pmid},
  pages = {194901},
  issn = {1089-7690},
  doi = {10.1063/1.5025921},
}

@article{wuEnergyLandscapeWater2015,
  title = {Energy {{Landscape}} of {{Water}} and {{Ethanol}} on {{Silica Surfaces}}},
  author = {Wu, Di and Guo, Xiaofeng and Sun, Hui and Navrotsky, Alexandra},
  year = {2015},
  journal = {The Journal of Physical Chemistry C},
  volume = {119},
  number = {27},
  pages = {15428--15433},
  issn = {1932-7447, 1932-7455},
  doi = {10.1021/acs.jpcc.5b04271},
  url = {https://pubs.acs.org/doi/10.1021/acs.jpcc.5b04271},
}

@article{wuForceFieldZIF82014,
  title = {Force Field for {{ZIF-8}} Flexible Frameworks: Atomistic Simulation of Adsorption, Diffusion of Pure Gases as {{CH}} {\textsubscript{4}} , {{H}} {\textsubscript{2}} , {{CO}} {\textsubscript{2}} and {{N}} {\textsubscript{2}}},
  shorttitle = {Force Field for {{ZIF-8}} Flexible Frameworks},
  author = {Wu, Xuanjun and Huang, Jin and Cai, Weiquan and Jaroniec, Mietek},
  year = {2014},
  journal = {RSC Adv.},
  volume = {4},
  number = {32},
  pages = {16503--16511},
  issn = {2046-2069},
  doi = {10.1039/C4RA00664J},
  url = {http://xlink.rsc.org/?DOI=C4RA00664J},
}

@article{xiongAlcoholAdsorptionSilicalite2011,
  title = {Alcohol {{Adsorption}} onto {{Silicalite}} from {{Aqueous Solution}}},
  author = {Xiong, Ruichang and Sandler, Stanley I. and Vlachos, Dionisios G.},
  year = {2011},
  journal = {The Journal of Physical Chemistry C},
  volume = {115},
  number = {38},
  pages = {18659--18669},
  issn = {1932-7447, 1932-7455},
  doi = {10.1021/jp205312k},
  url = {https://pubs.acs.org/doi/10.1021/jp205312k},
}

@article{yaacobiHydrophobicInteractionWaterethanol1973,
  title = {Hydrophobic Interaction in Water-Ethanol Mixtures},
  author = {Yaacobi, M. and Ben-Naim, A.},
  year = {1973},
  journal = {Journal of Solution Chemistry},
  volume = {2},
  number = {5},
  pages = {425--443},
  issn = {0095-9782, 1572-8927},
  doi = {10.1007/BF00651005},
  url = {http://link.springer.com/10.1007/BF00651005},
}

@article{yangNMRMeasurementBitumen2008,
  title = {{{NMR}} Measurement of Bitumen at Different Temperatures},
  author = {Yang, Zheng and Hirasaki, George J.},
  year = {2008},
  journal = {Journal of Magnetic Resonance (San Diego, Calif.: 1997)},
  volume = {192},
  number = {2},
  eprint = {18387325},
  eprinttype = {pmid},
  pages = {280--293},
  issn = {1090-7807},
  doi = {10.1016/j.jmr.2008.03.007},
}

@online{yanInteractivePolymerBuilding2022,
  title = {An {{Interactive Polymer Building Toolkit}} for {{Molecular Dynamics Simulations}}: {{PolyMAPS}}},
  shorttitle = {An {{Interactive Polymer Building Toolkit}} for {{Molecular Dynamics Simulations}}},
  author = {Yan, Xiaoli and Chaudhuri, Santanu},
  year = {2022},
  eprint = {2204.14218},
  eprinttype = {arxiv},
  eprintclass = {cond-mat, physics:physics},
  doi = {10.48550/arXiv.2204.14218},
  url = {http://arxiv.org/abs/2204.14218},
  pubstate = {preprint},
}

@article{yanoCorrelationSurfaceBulk2005,
  title = {Correlation between Surface and Bulk Structures of Alcohol–Water Mixtures},
  author = {Yano, Yohko F.},
  year = {2005},
  journal = {Journal of Colloid and Interface Science},
  volume = {284},
  number = {1},
  pages = {255--259},
  issn = {00219797},
  doi = {10.1016/j.jcis.2004.09.059},
  url = {https://linkinghub.elsevier.com/retrieve/pii/S0021979704009907},
}

@article{zangiRefinementOPLSAAForceField2018,
  title = {Refinement of the {{OPLSAA Force-Field}} for {{Liquid Alcohols}}},
  author = {Zangi, Ronen},
  year = {2018},
  journal = {ACS Omega},
  volume = {3},
  number = {12},
  pages = {18089--18099},
  issn = {2470-1343, 2470-1343},
  doi = {10.1021/acsomega.8b03132},
  url = {https://pubs.acs.org/doi/10.1021/acsomega.8b03132},
}

@article{zhangAdsorptionWaterEthanol2012,
  title = {Adsorption of {{Water}} and {{Ethanol}} in {{MFI-Type Zeolites}}},
  author = {Zhang, Ke and Lively, Ryan P. and Noel, James D. and Dose, Michelle E. and McCool, Benjamin A. and Chance, Ronald R. and Koros, William J.},
  year = {2012},
  journal = {Langmuir},
  volume = {28},
  number = {23},
  pages = {8664--8673},
  issn = {0743-7463, 1520-5827},
  doi = {10.1021/la301122h},
  url = {https://pubs.acs.org/doi/10.1021/la301122h},
}

@article{zhangAlcoholWaterAdsorption2013,
  title = {Alcohol and Water Adsorption in Zeolitic Imidazolate Frameworks},
  author = {Zhang, Ke and Lively, Ryan P. and Dose, Michelle E. and Brown, Andrew J. and Zhang, Chen and Chung, Jaeyub and Nair, Sankar and Koros, William J. and Chance, Ronald R.},
  year = {2013},
  journal = {Chemical Communications},
  volume = {49},
  number = {31},
  pages = {3245},
  issn = {1359-7345, 1364-548X},
  doi = {10.1039/c3cc39116g},
  url = {http://xlink.rsc.org/?DOI=c3cc39116g},
}

@article{zhangInvestigatingIntrinsicEthanol2013,
  title = {Investigating the {{Intrinsic Ethanol}}/{{Water Separation Capability}} of {{ZIF-8}}: {{An Adsorption}} and {{Diffusion Study}}},
  shorttitle = {Investigating the {{Intrinsic Ethanol}}/{{Water Separation Capability}} of {{ZIF-8}}},
  author = {Zhang, Ke and Lively, Ryan P. and Zhang, Chen and Koros, William J. and Chance, Ronald R.},
  year = {2013},
  journal = {The Journal of Physical Chemistry C},
  volume = {117},
  number = {14},
  pages = {7214--7225},
  issn = {1932-7447, 1932-7455},
  doi = {10.1021/jp401548b},
  url = {https://pubs.acs.org/doi/10.1021/jp401548b},
}

@article{zhangMolecularDynamicsInvestigation2023,
  title = {Molecular {{Dynamics Investigation}} of {{Nanoscale Hydrophobicity}} of {{Polymer Surfaces}}: {{What Makes Water Wet}}?},
  shorttitle = {Molecular {{Dynamics Investigation}} of {{Nanoscale Hydrophobicity}} of {{Polymer Surfaces}}},
  author = {Zhang, Hang and Sundaresan, Sankaran and Webb, Michael A.},
  year = {2023},
  journal = {The Journal of Physical Chemistry B},
  volume = {127},
  number = {22},
  pages = {5115--5127},
  issn = {1520-6106, 1520-5207},
  doi = {10.1021/acs.jpcb.3c00616},
  url = {https://pubs.acs.org/doi/10.1021/acs.jpcb.3c00616},
}

@article{zhangOILGASNMR,
  title = {{{OIL AND GAS NMR PROPERTIES}}: {{THE LIGHT AND HEAVY ENDS}}},
  author = {Zhang, Ying and Hirasaki, George J and House, V and Kobayashi, Riki},
}

@article{zhangQuantificationSolventContribution2013,
  title = {Quantification of {{Solvent Contribution}} to the {{Stability}} of {{Noncovalent Complexes}}},
  author = {Zhang, Haiyang and Tan, Tianwei and Hetényi, Csaba and {vanderSpoel}, David},
  year = {2013},
  journal = {Journal of Chemical Theory and Computation},
  volume = {9},
  number = {10},
  pages = {4542--4551},
  issn = {1549-9618, 1549-9626},
  doi = {10.1021/ct400404q},
  url = {https://pubs.acs.org/doi/10.1021/ct400404q},
}

@article{zhangTinyChargeScaling2022,
  title = {A Tiny Charge‐scaling in the {{{\textsc{OPLS}}}}{\textsc{‐}}{{{\textsc{AA}}}} + {{{\textsc{L}}}}{\textsc{‐}}{{{\textsc{OPLS}}}} Force Field Delivers the Realistic Dynamics and Structure of Liquid Primary Alcohols},
  shorttitle = {A Tiny Charge‐scaling in The},
  author = {Zhang, Xuan and Wang, Yongtao and Yao, Jia and Li, Haoran and Mochizuki, Kenji},
  year = {2022},
  journal = {Journal of Computational Chemistry},
  volume = {43},
  number = {6},
  pages = {421--430},
  issn = {0192-8651, 1096-987X},
  doi = {10.1002/jcc.26802},
  url = {https://onlinelibrary.wiley.com/doi/10.1002/jcc.26802},
}

@article{zhaoSegregationStructuresMiscellaneous2015,
  title = {Segregation {{Structures}} and {{Miscellaneous Diffusions}} for {{Ethanol}}/{{Water Mixtures}} in {{Graphene-Based Nanoscale Pores}}},
  author = {Zhao, Mengyao and Yang, Xiaoning},
  year = {2015},
  journal = {The Journal of Physical Chemistry C},
  volume = {119},
  number = {37},
  pages = {21664--21673},
  issn = {1932-7447, 1932-7455},
  doi = {10.1021/acs.jpcc.5b03307},
  url = {https://pubs.acs.org/doi/10.1021/acs.jpcc.5b03307},
}

@article{zhengForceFieldMolecular2012,
  title = {Force {{Field}} for {{Molecular Dynamics Computations}} in {{Flexible ZIF-8 Framework}}},
  author = {Zheng, Bin and Sant, Marco and Demontis, Pierfranco and Suffritti, Giuseppe B.},
  year = {2012},
  journal = {The Journal of Physical Chemistry C},
  volume = {116},
  number = {1},
  pages = {933--938},
  issn = {1932-7447, 1932-7455},
  doi = {10.1021/jp209463a},
  url = {https://pubs.acs.org/doi/10.1021/jp209463a},
}

@article{zouExploringPotentialDesign2018,
  title = {Exploring the Potential and Design of Zeolite Nanosheets as Pervaporation Membranes for Ethanol Extraction},
  author = {Zou, Changlong and Lin, Li-Chiang},
  year = {2018},
  journal = {Chemical Communications},
  volume = {54},
  number = {94},
  pages = {13200--13203},
  issn = {1359-7345, 1364-548X},
  doi = {10.1039/C8CC06587J},
  url = {http://xlink.rsc.org/?DOI=C8CC06587J},
}
